3025 5275
773 640 777 645 ’
803 678 852 742 aa

334 875 393 941 fide
414 881 500 942 erant
521 875 678 955 destituti,
700 872 867 939 necessaria
889 872 927 937 ad
943 871 1094 937 iustitiam
1103 868 1327 955 *assequendam

332 1009 510 1076 conditione
538 1011 628 1096 (1Χ;
654 1012 713 1089 30,
739 1011 806 1094 31).
854 1007 911 1072 Est
934 1006 982 1070 lex
1006 1028 1024 1069 a
1046 1003 1167 1069 Christo
1190 1001 1340 1082 sublata„

338 1167 398 1231 quo
431 1144 656 1210 accusasses
690 1149 792 1208 exorta
825 1148 872 1206 est
904 1148 1060 1226 tamquam
1082 1137 1268 1224 principium
1289 1134 1328 1199 ad

335 1279 486 1345 iustitiam
513 1278 737 1367 adipiscendam
762 1279 804 1364 (X
830 1305 836 1343 :
862 1281 914 1363 4),
939 1298 1030 1362 quam
1052 1281 1088 1339 ut
1111 1294 1326 1358 consequeren-

334 1419 402 1493 tur,
425 1414 474 1479 lex
495 1412 633 1479 homines
654 1411 850 1499 praeparabat
879 1410 959 1497 (Gal.
983 1410 1036 1476 ΙΠ
1061 1435 1068 1475 :
1095 1412 1160 1494 cl).

379 1546 447 1611 Iam
472 1546 569 1612 varias
590 1544 660 1612 fidei
683 1545 822 1610 notiones
844 1544 1061 1609 recensuimus.
1096 1541 1239 1607 Vidimus
1261 1539 1328 1605 eius

333 1680 449 1744 fontem
489 1701 553 1743 esse
592 1678 858 1744 denunciationem
896 1676 1078 1762 Euangelii,
1124 1674 1205 1759 quod
1237 1674 1327 1738 homo

333 1834 438 1877 verum
473 1834 536 1876 esse
571 1811 686 1890 credit,
723 1810 837 1876 sensim
860 1816 961 1875 autem
988 1809 1195 1896 paulatimque
1216 1806 1328 1872 mentis

334 1946 487 2033 persuasio
524 1945 628 2010 existit
662 1946 696 2011 in
730 1967 766 2009 eo
789 1951 853 2010 tam
880 1944 983 2025 firma,
1011 1949 1046 2008 ut
1061 1965 1182 2009 omnem
1204 1939 1328 2008 omnino

337 2078 499 2148 dubitandi
521 2079 622 2144 locum
644 2077 742 2144 tollat.

380 2213 439 2278 Sed
470 2212 617 2297 quamdiu
650 2212 725 2277 fides
760 2212 859 2277 solum
892 2204 928 2277 in
957 2211 1082 2297 ingenio
1112 2210 1212 2276 sedem
1243 2233 1328 2275 suam

336 2344 510 2423 collocavit,
533 2342 666 2408 hominis
689 2344 817 2408 salutem
841 2342 955 2408 efficere
975 2342 1095 2428 nequit.
1112 2341 1202 2408 Hanc
1224 2346 1260 2405 ut
1274 2340 1328 2405 ille

337 2484 553 2561 consequatur,
583 2474 749 2561 requiritur
779 2475 890 2540 fiducia
922 2476 956 2541 in
989 2476 1055 2541 Deo
1084 2475 1198 2563 posita,
1223 2496 1328 2539 sensus

334 2608 513 2695 religiosus,
545 2630 605 2694 quo
630 2607 725 2675 ¹homo
760 2609 849 2675 unice
882 2609 948 2675 Deo
978 2605 1098 2690 obedit,
1122 2608 1151 2673 ei
1172 2613 1273 2673 totum
1297 2629 1330 2672 se

334 2741 446 2822 tradit,
476 2747 632 2826 tamquam
661 2743 743 2809 filius
766 2742 868 2825 Patri3
893 2749 924 2808 et
947 2766 1043 2829 quum
1064 2748 1167 2808 nostra
1187 2743 1328 2807 voluntas

335 2899 405 2941 cum
439 2875 539 2940 Patris
566 2876 722 2942 voluntate
746 2900 808 2942 una
830 2883 876 2943 cst
898 2877 1091 2957 facta„fides
1113 2877 1152 2943 ad
1174 2899 1327 2943 summum

337 3016 439 3075 evecta
461 3015 508 3074 est
529 3007 686 3096 fastigium
700 3013 744 3097 1).
799 3018 800 3025 ’

337 3245 517 3257 —n—

374 3384 404 3457 1)
426 3382 546 3442 Pulchre
575 3384 762 3443 Oltramarius
794 3386 811 3444 l.
834 3386 852 3446 l.
876 3405 939 3463 pag.
963 3384 1040 3444 397:
1073 3386 1121 3456 „la
1148 3385 1187 3443 foi
1213 3403 1242 3443 se
1268 3383 1332 3463 prd-

331 3497 409 3548 sente
429 3511 496 3550 sous
515 3492 542 3551 le
564 3492 669 3552 double
691 3490 831 3553 caractere
853 3494 888 3565 de
911 3495 1052 3554 confionce
1074 3493 1330 3553 etdecouviction.

330 3597 536 3669 Condancect
564 3601 724 3661 conviction
753 3607 820 3662 sont
851 3601 926 3660 deux
957 3599 1093 3661 elementa
1114 3580 1329 3663 indissolubles.

332 3706 375 3765 La
405 3708 547 3766 confiance
578 3708 638 3768 nait
669 3709 705 3767 dc
726 3710 754 3768 la
775 3709 934 3769 conviction
956 3730 993 3769 ou
1012 3710 1040 3769 la
1063 3711 1221 3770 conviction
1246 3711 1282 3769 de
1303 3711 1332 3770 la

332 3814 488 3886 confiauce,
519 3815 631 3875 suivant
664 3837 718 3896 que
742 3817 838 3894 l'objet
860 3817 1005 3877 luimeme
1027 3839 1066 3878 ou
1087 3819 1114 3876 le
1135 3817 1274 3879 caractere
1295 3820 1332 3879 de

333 3921 427 3997 l'objet
456 3943 473 3981 a
504 3920 549 3982 ete
570 3924 636 3983 salsi
658 3924 685 3983 le
706 3925 838 4002 premier.
881 3925 934 3984 Ges
956 3925 1031 3984 deux
1054 3923 1190 3984 clemente
1210 3927 1332 3987 existent

333 4029 576 4102 simultauement‚
609 4031 675 4090 c'est
705 4030 722 4090 d
754 4034 862 4112 chaque
883 4033 1013 4092 individu
1032 4034 1068 4092 de
1090 4033 1152 4092 dire
1174 4033 1243 4094 dans
1262 4037 1332 4114 quel

334 4138 417 4197 ordre
448 4138 484 4197 ils
505 4158 534 4197 se
556 4145 621 4198 sont
641 4137 776 4200 succedes
802 4160 836 4200 en
857 4141 907 4200 lui.
949 4142 1031 4201 Ainsi
1053 4162 1157 4217 conque
1178 4143 1205 4201 la
1225 4143 1264 4202 soi
1289 4149 1333 4204 est

333 4264 388 4303 une
418 4243 463 4302 vie
493 4246 624 4304 nouvelle
655 4251 683 4305 et
714 4244 801 4305 reelle
838 4247 877 4306 du
909 4266 993 4306 coeur
1027 4254 1054 4307 et
1075 4248 1111 4307 de
1132 4248 1254 4328 l’esprit,
1277 4270 1332 4309 une

334 4352 514 4412 communion
545 4360 574 4413 ct
605 4374 643 4414 un
675 4375 831 4415 commerce
853 4356 1011 4416 continuels
1036 4356 1071 4415 de
1094 4359 1276 4430 continents,
1298 4360 1335 4419 de

335 4459 452 4545 pensees
487 4467 515 4522 et
549 4462 584 4521 de
620 4461 748 4524 volentes
779 4470 857 4527 outre
888 4464 914 4525 le
936 4464 1009 4546 sujet
1029 4470 1057 4525 ct
1077 4464 1190 4544 l'objet3
1213 4487 1267 4528 une
1287 4467 1333 4529 vie
