3025 5275
789 661 852 727 na

324 854 514 940 caeteroquin
554 876 624 920 vem
662 854 728 919 Deo
761 853 856 933 vivit,
891 854 935 919 sio
968 853 1060 919 etiam
1088 852 1140 933 hi,
1175 875 1244 918 eum
1277 874 1311 919 eo

323 993 445 1074 peccato
479 987 645 1068 demortui,
680 1010 742 1053 uon
776 986 908 1075 amplius
941 986 1125 1067 moriuntur,
1153 987 1206 1051 sed
1232 985 1311 1051 ritae

324 1127 459 1186 aeternae
491 1120 653 1208 participes
688 1126 761 1185 sunt
789 1119 871 1184 facti.
917 1119 963 1184 Ut
985 1119 1114 1206 primam
1138 1118 1312 1207 comparati·

324 1254 391 1317 onis
416 1259 550 1340 partem,
575 1253 619 1318 sic
641 1252 734 1318 etiam
755 1252 881 1317 alteram
907 1259 938 1316 et
961 1251 1154 1337 Augustinus
1177 1255 1207 1314 et
1228 1249 1312 1314 Pela·

325 1385 394 1471 gius
416 1408 570 1473 perperam
592 1385 793 1451 tradiderunt.
827 1385 901 1451 Non
923 1385 1021 1471 magis
1037 1385 1119 1450 enim
1133 1407 1188 1449 nos
1200 1383 1315 1449 Christi

280 1510 282 1516 ¹
325 1518 433 1585 merito
475 1519 572 1583 iustos
609 1541 674 1584 esse
718 1519 884 1585 declaratos
930 1519 1017 1585 docet
1053 1519 1186 1599 Paulus,
1224 1541 1315 1604 quam

324 1674 379 1716 nos
408 1657 528 1717 tantum
561 1651 599 1716 ad
621 1653 794 1740 exemplum
816 1653 931 1719 Christi
955 1660 1089 1719 sanctam
1111 1654 1206 1719 vitam
1229 1674 1316 1739 agere

326 1785 444 1851 statuit.
501 1786 557 1851 Est
586 1791 702 1850 arctum
728 1786 887 1852 vinculum
913 1787 994 1852 inter
1020 1786 1176 1853 Christum
1199 1786 1315 1852 eteius

325 1920 469 1985 asseclas:
493 1920 682 1986 sanctissima
703 1921 801 2008 igitur
823 1921 889 1986 eius
912 1921 975 1985 vita
997 1921 1111 1987 factum
1134 1926 1239 1985 estut
1260 1941 1315 1985 nos

325 2053 364 2119 ad
393 2053 482 2118 fidem
510 2053 655 2118 ducamur
678 2060 709 2118 et
731 2052 770 2118 ob
792 2059 926 2118 nostram
948 2053 1082 2140 ipsorum
1104 2052 1195 2118 fidem
1218 2074 1316 2118 coram

326 2187 391 2252 Deo
409 2186 624 2267 iustificemur‚
648 2187 720 2272 quia
743 2187 818 2251 fides
841 2186 1006 2273 λογίζεται
1028 2193 1072 2266 εἷς
1089 2188 1313 2272 δικαιοσοοηο.

377 2322 419 2385 Ὅ
449 2321 583 2407 ἔσχατος
615 2319 731 2403 Ἀδὰμ
763 2320 891 2401 ἐγένετο
916 2324 961 2396 εἷς
985 2325 1112 2405 πνεῦμα
1137 2324 1315 2397 ζωοποιοῦν

328 2454 359 2537 (1
383 2450 451 2517 Cor.
475 2453 536 2517 XV
560 2481 567 2517 :
592 2454 659 2537 45).
705 2452 843 2518 Ultimus
870 2453 1006 2519 Adamas
1028 2454 1073 2519 ita
1094 2454 1192 2520 factus
1216 2462 1261 2519 est
1282 2459 1317 2517 ut

327 2584 369 2649 sit
395 2584 520 2672 spiritus
527 2613 537 2667 ;
560 2584 594 2650 in
617 2606 652 2650 eo
671 2606 732 2650 non
756 2593 866 2674 ψυχή,
895 2585 1148 2672 quemadmodum
1171 2587 1206 2652 in
1220 2586 1317 2675 primo

327 2718 463 2798 Adamo,
497 2718 609 2805 primas
644 2718 709 2804 agit
742 2725 859 2805 partes,
894 2719 947 2784 sed
978 2726 1125 2804 ποεῦμα;
1160 2726 1223 2785 tota
1253 2719 1317 2785 eius

328 2852 391 2916 vita
434 2851 490 2916 hoc
534 2850 685 2938 principio
729 2851 863 2937 regitur,
915 2853 987 2939 quia
1033 2853 1162 2918 alterum
1206 2851 1316 2939 princi-

327 2975 413 3062 pium
446 2974 576 3040 animale
610 2973 669 3040 sihi
703 2973 843 3042 subiecit.
890 2976 932 3041 Et
963 2977 1020 3042 hoc
1051 2982 1177 3061 πνεῦμα
1205 2975 1317 3041 dicitur

330 3108 533 3184 ζωοποιοῦοε
560 3114 606 3172 est
628 3108 709 3173 enim
732 3109 858 3196 spiritus
880 3115 1001 3175 tantum
1024 3108 1213 3187 veraefritae
1236 3108 1316 3195 priu-

329 3242 461 3330 cipium‚
486 3247 637 3307 aeternam
663 3242 757 3308 vitam
781 3265 852 3308 cum
876 3242 1052 3308 hominibus
1080 3241 1315 3308 communicans.

372 3376 529 3441 Praeterea
561 3376 710 3441 secundus
742 3376 850 3456 homo,
886 3384 920 3441 ut
942 3376 994 3441 hic
1016 3375 1203 3463 appellatur,
1232 3377 1317 3439 esto‘

330 3515 438 3594 adama
473 3511 507 3586 ἐξ
541 3510 680 3594 οὐρανοῦ
713 3507 769 3597 (vs.
794 3512 869 3595 47),
897 3531 975 3594 quae
993 3507 1084 3573 verba
1105 3507 1197 3573 variis
1220 3506 1318 3572 modis

329 3641 518 3729 interpretati
551 3648 623 3705 sunt
656 3642 694 3705 V.
729 3643 769 3730 D.
803 3642 899 3707 Multi
933 3640 1107 3728 cogitabant
1138 3640 1176 3706 de
1202 3639 1318 3705 Christi

330 3775 446 3860 origine
479 3775 617 3854 coelesti,
651 3775 753 3839 minus
786 3779 883 3853 recte,
918 3781 954 3838 ut
975 3781 1098 3861 apparet
1121 3796 1138 3838 e
1160 3777 1232 3838 sect.
1256 3775 1318 3851 48,

330 3907 383 3973 ubi
417 3908 506 3973 idem⁸
532 3907 585 3972 ille
609 3914 717 3992 nocuos
743 3909 776 3985 ἐξ
805 3907 945 3994 οὐρανοῦ
970 3906 1084 3972 dicitur
1108 3909 1318 3991 ἐπουράνιος,

332 4065 392 4128 quo
415 4040 559 4106 vocabulo
582 4040 696 4106 Christi
713 4040 850 4106 coelestis
866 4014 1001 4126 digiritas
1016 4039 1179 4105 indicatur.
1206 4038 1318 4121 Quem·

331 4174 492 4240 admodum
514 4175 611 4260 igitur
635 4175 687 4240 ille
710 4180 774 4238 erat
796 4173 952 4253 coelestis,
971 4173 1098 4239 tendens
1114 4171 1152 4237 ad
1168 4171 1318 4249 coelestia,

331 4307 460 4373 humilia
489 4329 647 4394 spemens‚
672 4307 716 4371 sic
738 4306 830 4371 etiam
853 4306 918 4370 eius
943 4311 1102 4371 sectatores
1130 4309 1204 4368 sunt
1226 4307 1321 4370 ἒποο-

332 4446 457 4526 ράοιοι,
493 4444 523 4503 et
555 4438 616 4504 iam
646 4438 702 4503 hae
725 4439 758 4503 in
780 4444 859 4503 terra
882 4443 912 4502 et
933 4436 1031 4524 magis
1065 4436 1156 4501 etiam
1191 4434 1224 4500 in
1257 4434 1322 4499 vita
