3025 5275
663 663 703 728 17

189 857 292 937 postea
323 853 414 918 etiam
444 853 610 935 usitatum,
640 877 700 940 quo
727 879 745 920 a
776 856 844 941 lege
873 856 979 920 morali
1001 855 1035 920 in
1056 855 1179 920 homine

189 983 392 1069 legislatorem
411 1008 476 1051 esse
495 986 696 1052 concluditur.
720 986 926 1052 Concedentes
937 988 1044 1053 nehoc
1056 987 1179 1073 quidem

190 1123 402 1201 argumentum
435 1119 518 1183 omni
548 1118 641 1185 dubio
670 1142 733 1184 esse
767 1119 882 1199 maius,
918 1121 1045 1186 minime
1076 1126 1180 1186 tamen

191 1248 256 1312 eius
277 1248 340 1314 vim
363 1272 519 1335 negamus.

234 1401 260 1445 o.
306 1381 440 1447 Tandem
472 1383 618 1447 ultimum
650 1383 765 1448 fontem
799 1383 916 1449 indicat
938 1385 1120 1471 Apostolus,
1144 1408 1181 1449 ex

192 1532 251 1595 quo
274 1512 389 1578 Gentes
411 1514 502 1578 etiam
524 1517 624 1579 Deum
647 1535 825 1599 cognoscere
848 1521 1002 1601 poterant:
1030 1515 1065 1581 in
1086 1515 1180 1580 histo·

191 1644 235 1708 ria
269 1667 333 1710 sese
364 1646 569 1711 manifestavit
597 1647 757 1711 hominum
778 1648 963 1712 iniustitiam
986 1649 1179 1735 punientem,

193 1778 273 1862 quod
306 1778 394 1844 facile
427 1780 637 1865 unusquisque
665 1780 700 1844 in
727 1803 781 1844 sua
802 1780 899 1867 ipsius
922 1781 985 1845 vita
1007 1788 1038 1847 et
1059 1782 1094 1846 in
1115 1788 1179 1846 toto

191 1930 299 1993 genere
320 1910 453 1974 humano
475 1909 711 1974 animadvertere
731 1910 842 1997 potuit.
882 1909 1179 1977 ’Anoualdrrrsrm

193 2044 271 2127 ὀργὴ
296 2046 376 2109 Θεοῦ
400 2043 600 2128 α’πόὐρανοῦ
615 2047 668 2108 ἐπὶ
681 2050 791 2109 πᾶσαν
806 2043 961 2130 ἀσέβειαν
975 2047 1030 2108 καί
1044 2043 1179 2109 ἀδικίαν

191 2174 279 2240 Rom.
313 2174 332 2239 I
367 2202 374 2240 :
410 2178 468 2256 113
503 2176 652 2240 revelatur
681 2176 727 2241 ira
756 2175 815 2240 Dei
839 2175 877 2239 de
899 2176 982 2240 coelo
1004 2175 1038 2240 in
1060 2198 1180 2240 omnem

192 2307 380 2394 impietatem
402 2315 433 2373 et
454 2308 648 2374 iniustitiam.
665 2348 709 2360 —
732 2310 765 2374 Si
789 2310 961 2394 quaeritur,
986 2333 1046 2395 qua
1067 2310 1183 2375 ratione

193 2440 368 2505 hominibus
400 2442 474 2506 haec
506 2442 551 2507 ira
583 2442 641 2507 Dei
672 2441 835 2528 conspicua
853 2444 954 2521 fieret,
970 2442 1107 2507 animum
1130 2441 1181 2506 ad·

194 2580 346 2640 vertamus
375 2573 414 2640 ad
446 2596 563 2640 morum
595 2574 853 2662 depravationem,
888 2575 922 2639 in
955 2597 1047 2661 quam
1069 2575 1184 2641 Gentes

193 2704 377 2785 inciderant,
402 2706 489 2770 euius
512 2728 647 2771 caussam
661 2707 744 2793 ipsae
755 2707 790 2771 in
801 2729 856 2770 sua
866 2706 1036 2771 idololatria
1048 2706 1184 2770 invenire
1268 2728 1271 2733 ’

193 2842 331 2922 poterant
347 2839 391 2923 1).

240 2975 301 3036 Λιὸ
326 2973 382 3036 καί
392 3023 402 3054 ,
425 2977 582 3059 propterea
605 2971 696 3035 etiam
719 2971 741 3036 i.
767 2994 796 3036 e.
815 2970 853 3035 ob
865 2993 968 3035 eorum
978 2969 1184 3057 impietatem,

195 3104 382 3189 παρέδωκεν
414 3106 530 3182 αὐτούς
562 3109 581 3170 ὁ
610 3109 687 3179 Θεὸς
720 3109 764 3180 εἷς
795 3105 1007 3188 ἀκαθαρσίαν
1016 3152 1026 3181 ,
1055 3125 1099 3167 νε.
1125 3105 1184 3182 24,

197 3242 241 3313 εἷς
270 3244 363 3323 πάθη
390 3240 522 3321 ἀτιμίας
554 3260 598 3302 vs.
623 3241 683 3317 26,
708 3241 752 3313 εἷς
777 3238 935 3319 ἀδόκιμον
960 3244 1037 3301 νοῦν
1062 3258 1106 3299 vs
1132 3237 1184 3299 28.

241 3369 348 3435 Plures
378 3370 556 3457 interpretes
584 3369 619 3436 in
646 3370 731 3435 hisee
759 3368 994 3455 interpretandis
1017 3367 1187 3453 dogmatica

197 3524 250 3566 sua
273 3524 338 3566 esse
360 3502 483 3582 ductos,
506 3508 632 3567 nonest
655 3502 735 3587 quod
754 3501 900 3566 dieamus.
946 3499 1045 3564 Nobis
1068 3499 1188 3564 videtur

197 3633 311 3698 Paulus
341 3633 441 3698 Deum
469 3634 503 3698 in
535 3634 661 3699 historia
694 3634 883 3720 proposuisse
913 3632 1030 3696 iustum
1051 3631 1188 3695 omnium

197 3789 298 3831 rerum
335 3766 581 3852 gubernatorem,
618 3767 671 3851 qui
702 3766 801 3830 effecit
824 3772 860 3829 ut
882 3765 1019 3831 homines
1042 3762 1080 3827 ob
1103 3786 1188 3827 suam

197 3898 385 3986 impietatem
402 3898 572 3963 inciderent
594 3898 628 3963 in
650 3898 876 3984 impuritatem,
898 3903 1002 3983 turpes
1017 3896 1141 3960 affectus
1158 3901 1188 3959 et

198 4030 371 4118 improbum
397 4031 544 4096 animum.
590 4031 736 4096 Excusari
760 4031 842 4095 enim
863 4052 925 4094 non
947 4034 1086 4116 poterant
1093 4055 1102 4108 3
1127 4039 1186 4111 τὴν

207 4223 379 4234 ———-⁴—--

240 4329 268 4408 1)
289 4328 346 4388 ce.
379 4328 415 4388 ad
447 4328 473 4386 h.
505 4326 524 4387 1.
556 4325 638 4384 Doot.
669 4344 722 4383 ven
741 4323 805 4382 Bell
827 4321 858 4380 in
880 4321 954 4400 disp.
976 4319 1134 4396 theologica
1154 4318 1189 4377 de

199 4436 342 4496 vocabulis
362 4446 484 4517 φανεροῦν
504 4437 532 4492 et
552 4438 743 4494 ἀποκαλύπτειν
765 4449 829 4508 pag.
852 4431 890 4486 61
912 4433 940 4487 et
959 4431 1005 4485 62.

1057 4529 1076 4591 2
