3025 5275
619 693 714 755 ’65

197 891 268 949 ante
310 884 469 949 constituit
510 888 712 969 συμμόρφους
754 893 810 964 τῆς
854 887 976 960 εΐκόκος
1020 889 1075 949 τοῦ
1114 886 1185 949 οἱοῦ

198 1021 319 1092 “aaa
355 1022 385 1082 ee
421 1017 476 1082 hos
514 1014 641 1081 ιιιιιιι
679 1014 734 1104 (vs.
773 1018 838 1101 ao).
881 1016 1005 1102 saepius
1029 1016 1062 1080 in
1085 1016 1128 1082 Ν.
1151 1016 1186 1082 u.
1231 981 1235 988 ⁴

199 1149 311 1233 κλῆσις
341 1156 460 1214 tantum
495 1149 645 1235 significat
676 1148 887 1213 invitationem
911 1156 941 1213 et
964 1148 1074 1233 κλῆσοι
1098 1172 1187 1237 oppo

198 1291 316 1350 nuntur
338 1294 405 1362 τοῖς
430 1283 592 1358 ἐκλεκτοῖς
618 1283 741 1368 (Matth.
767 1284 829 1349 XX
856 1312 863 1350 ι
889 1288 949 1362 16,
977 1284 1075 1349 XXII
1100 1312 1107 1349 τ
1133 1287 1187 1370 14)

199 1418 252 1484 sed
273 1424 375 1483 nostro
397 1417 512 1482 saltem*
524 1417 590 1481 looo
611 1415 684 1479 haec
706 1415 858 1480 invitandi
884 1417 968 1481 notio
990 1440 1051 1481 non
1066 1416 1187 1482 suffieit.
1223 1464 1226 1469 -

200 1552 358 1634 Quomodo
380 1551 461 1616 enim
488 1550 652 1637 Apostolus
679 1549 823 1630 dixisset,
852 1551 953 1616 Deum
980 1574 1029 1616 eos
1052 1573 1187 1631 vocasse,

198 1685 221 1750 i.
260 1708 286 1750 e.
329 1682 498 1768 Euangelio
542 1706 612 1747 cum
656 1683 695 1747 iis
740 1684 990 1749 communicando
1026 1685 1187 1764 invitasse,

199 1817 336 1882 nescium
369 1816 437 1882 eine
473 1815 709 1900 obsequerentur
741 1838 798 1879 neo
831 1838 887 1895 ne,
922 1838 997 1901 quos
1034 1818 1190 1903 praenovit

200 1956 231 2014 et
265 1949 498 2037 praedestinavit
534 1949 572 2013 ad
606 1947 720 2013 Christi
754 1948 899 2034 imaginis
930 1950 1190 2048 similitudinem?

200 2082 357 2147 Praeterea
394 2105 468 2147 num
505 2081 587 2146 Deus
622 2084 789 2148 ἐδικαίωσε
823 2106 889 2163 eos,
918 2083 954 2148 de
978 2106 1104 2168 quorum
1132 2084 1191 2148 fide

103 2250 106 2256 ·
200 2237 263 2279 non
297 2215 477 2280 constabat?
519 2215 590 2280 Sine
621 2215 685 2280 ullo
715 2215 825 2294 dubio,
855 2222 956 2280 nostro
985 2217 1052 2280 loeo
1076 2216 1186 2300 κλῆτοι

200 2370 262 2411 non
292 2353 412 2412 tantum
441 2354 514 2411 sunt
541 2351 573 2413 οἱ
596 2349 770 2424 ἀκούοντες
795 2355 850 2413 τοῦ
877 2354 1108 2434 κηρύσσοντος,
1137 2350 1189 2414 sed

202 2480 294 2545 etiam
317 2486 522 2558 πιστεύοντες
549 2481 614 2571 (afr.
639 2481 731 2546 etiam
753 2481 785 2545 X
811 2508 817 2545 ι
843 2483 908 2567 14).
953 2482 1009 2545 Est
1022 2482 1080 2546 hoo
1094 2483 1191 2568 igitur
1295 2513 1298 2524 ¹

203 2612 366 2679 discrimen
395 2613 476 2679 inter
500 2612 644 2697 ’ἐκλογήν
676 2620 706 2679 et
739 2612 872 2696 κλῆσιν,
903 2614 1027 2680 alterum
1049 2637 1066 2680 e
1088 2622 1189 2682 mente

200 2748 290 2814 Pauli
318 2750 419 2813 looum
451 2748 561 2813 habere
591 2753 661 2812 ante
687 2747 838 2813 mundum
865 2746 1038 2828 eonditum,
1065 2747 1189 2813 alteram

201 2854 426 2968 opportunitate
447 2880 553 2945 traditi
574 2879 747 2965 Euangelii.

248 3018 288 3080 Οἱ
325 3015 518 3097 ἀγαπῶντες
558 3018 613 3079 τὸν
654 3017 735 3080 (dedo
776 3011 921 3076 dicuntur
958 3010 1070 3095 κλητοὶ
1108 3017 1191 3077 κατὰ

203 3154 360 3233 πρόθεσιν
401 3148 496 3237 (VIII
532 3176 539 3212 ε
577 3149 642 3233 28).
700 3148 772 3234 Ipse
802 3146 886 3211 Deus
918 3145 1056 3210 homines
1089 3151 1191 3228 vocat,

202 3279 349 3345 ὁκαλὼν
369 3278 621 3368 (Rom.IX:11)
636 3279 802 3365 etquidem
818 3284 852 3346 ἐκ
872 3286 977 3367 χάριτι
993 3278 1191 3364 (Gotho),

204 3412 259 3478 διὰ
289 3426 344 3497 τῆς
381 3422 510 3501 χάριτος
545 3415 645 3480 αὐτοῦ
672 3416 726 3500 (va.
752 3415 826 3498 15);
849 3412 922 3476 haec
948 3411 1056 3493 κλῆσις
1080 3411 1193 3476 dicitur

203 3545 444 3632 ἀμεταμέλητος
488 3549 585 3633 (Rom.
621 3548 670 3614 XI
705 3576 712 3611 :
749 3547 804 3635 29)
816 3596 826 3626 ,
869 3545 957 3610 ouius
998 3545 1098 3610 Deum
1132 3569 1193 3611 non

201 3679 345 3765 poenitet.

249 3814 332 3895 Quos
356 3814 440 3879 Deus
462 3814 506 3879 ita
528 3814 646 3879 vocavit
669 3822 699 3879 et
711 3814 749 3880 ad
760 3815 851 3880 fidem
862 3815 1005 3902 perduxit
1011 3815 1090 3895 ,hos
1101 3814 1193 3879 etiam
1246 3799 1249 3803 ’

203 3946 381 4014 ἐδικαίωσε.
429 3948 691 4033 Quemadmodum
717 3948 815 4034 igitur
835 3949 909 4013 fides
934 3948 1069 4014 conditio
1092 3970 1192 4013 neees-

202 4265 352 4325 nieensohe
377 4266 508 4340 praevisa
520 4264 594 4342 fides
614 4264 682 4323 kent
702 4265 806 4323 Paulus
828 4263 895 4323 niet.
937 4264 993 4322 Zoo
1011 4264 1052 4323 uls
1073 4263 1137 4323 God
1160 4263 1195 4323 de

200 4372 292 4449 zijnen
325 4372 435 4450 gekend
467 4373 556 4445 heeft,
588 4394 640 4434 zoo
671 4373 764 4432 zulleu
792 4373 828 4449 aij
863 4372 917 4432 ook
949 4373 1078 4441 worden,
1109 4379 1128 4432 t.
1162 4393 1196 4432 w.

201 4486 346 4562 cuppoppoi
365 4493 413 4550 τῆς
432 4486 529 4550 εἰκόνος
550 4493 597 4543 τοῦ
617 4488 674 4543 υἱοῦ
694 4480 801 4543 αὐτοῦ.”
829 4480 989 4540 Scholtenl.
1003 4480 1134 4558 l.IIpag.
1148 4485 1195 4541 81.

959 4620 962 4631 =
1063 4583 1081 4647 5
