3025 5275
691 683 731 745 29

216 872 323 952 tiores,
347 872 399 936 sed
423 872 495 957 quia
512 872 577 937 Deo
599 870 736 958 placebat
757 872 905 958 populum
919 871 1122 937 Israelitioum
1133 894 1203 959 prae

215 1004 283 1068 aliis
307 1002 459 1068 beneficiis
481 1026 594 1069 ornare.

259 1136 338 1201 ltrse
366 1137 400 1201 in
430 1136 536 1223 primis
559 1136 673 1200 Paulus
694 1135 732 1201 de
749 1137 817 1222 lege
840 1137 934 1217 dicit,
958 1159 1035 1221 quae
1057 1137 1145 1202 nobis
1167 1160 1202 1202 eo

215 1269 292 1333 duce
313 1292 395 1334 nunc
417 1269 475 1334 erit
496 1268 661 1334 tractanda.
706 1271 808 1335 Antea
827 1274 930 1334 autem
944 1269 1085 1334 nonnihil
1100 1292 1201 1334 mone·

213 1401 315 1468 bimus
338 1403 376 1467 de
395 1403 585 1488 quaestione,
609 1425 685 1488 quae
697 1408 882 1489 quantopere
893 1402 1013 1466 torserit
1023 1401 1202 1488 interpretes

213 1556 301 1599 nemo
323 1535 460 1619 ignorat,
484 1533 560 1618 quid
584 1534 706 1599 intersit
727 1534 807 1599 inter
827 1539 926 1618 νόμον
950 1541 982 1599 et
1004 1537 1060 1601 τὸν
1084 1540 1196 1619 νόμον.

213 1667 371 1748 rritschii,
416 1666 580 1746 Rdckerti,
626 1665 746 1731 Wineri
801 1666 989 1752 aliorumque
1035 1668 1200 1748 sententia,

212 1800 334 1864 nullum
362 1798 443 1886 apud
472 1799 603 1864 Paulum
636 1799 799 1865 discrimen
833 1823 897 1865 esse
929 1799 1010 1865 inter
1041 1807 1139 1885 νόμον
1172 1807 1203 1865 et

212 1937 269 1999 τὸν
301 1937 400 2016 νόμον
432 1938 463 1996 et
489 1932 547 1996 hoc
569 1931 768 2011 vocabulum,
791 1932 854 1997 sive
877 1933 1023 1998 articulus
1045 1932 1202 2020 praecedat

211 2062 275 2127 aive
300 2085 363 2127 non
384 2062 554 2149 praecedat,
583 2084 699 2149 semper
720 2062 821 2147 legem
840 2063 1005 2128 Mosa'r‘cam
1017 2063 1200 2149 significare,

210 2195 332 2260 admitti
358 2218 420 2260 nou
445 2201 564 2283 potest:
600 2194 750 2280 quomodo
781 2195 863 2261 enim
887 2201 982 2281 νόμος
1006 2218 1035 2261 v.
1057 2218 1083 2261 o.
1108 2197 1195 2260 Rom.

211 2328 247 2392 Π
271 2356 278 2392 :
304 2330 346 2393 14
371 2328 515 2414 (exceptis
532 2328 597 2392 illis
607 2327 706 2392 verbis
718 2333 759 2392 τὰ
772 2335 827 2394 τοῦ
842 2335 942 2412 νόμον
953 2331 1056 2415 ποιῇ),
1073 2329 1141 2395 IV:
1157 2332 1198 2393 13

212 2459 250 2525 de
282 2460 338 2525 hac
366 2460 435 2546 lege
467 2461 610 2548 explicari
632 2461 745 2547 possit,
769 2484 832 2526 non
853 2461 1068 2547 intelligimus.

256 2593 346 2677 Quod
387 2587 467 2660 valet
507 2616 627 2681 quoque
665 2593 702 2660 de
738 2594 796 2675 iis,
835 2595 890 2681 qui
928 2618 1045 2683 semper
1082 2595 1199 2662 Literas

210 2724 313 2789 Sacras
335 2724 469 2816 intelligi
491 2723 641 2790 volebant.
686 2725 796 2809 Itaque
817 2725 908 2790 multi
929 2726 1106 2813 interpretes
1120 2724 1199 2790 iudi-

211 2856 319 2923 cabant
336 2860 366 2944 1)
398 2880 626 2942 nonnumquam
656 2857 755 2943 legem
777 2858 921 2924 moralem
942 2858 1123 2944 significari,
1147 2857 1200 2922 sed

209 3013 299 3056 nemo
329 2992 452 3057 fortasse
482 2998 584 3055 nostro
616 2998 751 3078 tempore
777 2993 946 3057 accuratius
966 2993 1046 3058 hanc
1069 2991 1198 3077 quaesti-

209 3146 298 3190 onem
321 3124 461 3189 tractavit
484 3147 575 3209 qnam
598 3124 769 3209 Hengelius
791 3131 908 3190 nostras
927 3131 958 3228 et
979 3125 1196 3205 Oltramarius,

210 3258 264 3343 qui
297 3259 358 3323 nisi
391 3258 425 3323 in
452 3258 609 3338 omnibns,
632 3259 667 3323 in
690 3258 850 3345 permultis
868 3263 971 3323 tamen
993 3259 1197 3324 consentiunt.

253 3390 301 3455 De
321 3391 407 3456 illius
436 3391 586 3456 sententia
608 3390 730 3478 triplex*
742 3390 922 3478 proponitur
943 3391 1007 3471 lex,
1030 3392 1195 3471 naturalis,

209 3523 321 3610 scripta
342 3529 373 3587 et
394 3522 534 3604 Iudaica3
558 3523 612 3607 qui
630 3529 750 3588 tanturn
772 3520 886 3587 habent
899 3523 999 3608 legem
1010 3524 1195 3604 naturalem,

209 3662 281 3720 aunt
302 3654 437 3734 barbari,
462 3655 516 3740 qui
528 3655 760 3741 distinguuntur
770 3655 807 3721 ab
825 3654 963 3742 Ἕλλησι
978 3657 1076 3742 (Rom.
1089 3657 1106 3721 I
1120 3684 1127 3722 z
1142 3659 1194 3742 14)

208 3796 239 3854 et
269 3790 412 3854 dicunt-ur
440 3796 558 3874 ἄνομοι
592 3792 622 3875 (l
652 3789 720 3855 Cor.
742 3791 794 3856 IX
819 3818 825 3856 :
852 3792 924 3876 21);
956 3794 988 3857 οἱ
1009 3794 1071 3857 ὑπὸ
1096 3797 1194 3875 νόμον

208 3923 467 4009 comprehendunt
493 3946 560 4004 eos,
585 3924 638 4009 qui
660 3923 775 3989 habent
789 3923 889 4010 legem
904 3924 1046 4011 scriptam
1062 3923 1194 4009 qualem·

144 4221 149 4227 1
249 4137 275 4213 1)
296 4135 339 4194 Ita
360 4135 417 4193 ium
438 4135 534 4194 statuit
557 4135 601 4194 W.
624 4135 655 4194 F.
677 4134 757 4211 Lang
777 4133 912 4209 (Werken
933 4153 986 4193 van
1001 4134 1048 4193 het
1063 4133 1195 4210 Haagsch

206 4242 275 4304 Gen.
319 4244 415 4322 1796).
461 4242 492 4301 in
525 4242 815 4320 „capenoepaaamler‘d
843 4242 892 4302 der
925 4247 984 4302 cat.
1012 4241 1198 4319 pcdadienatss’

205 4370 269 4429 pag.
293 4353 349 4410 131
371 4370 432 4430 sqq.

247 4456 277 4541 2)
299 4459 360 4519 Col.
383 4464 425 4518 3:
451 4461 487 4517 11
512 4463 683 4519 memoratur
702 4463 838 4540 βάρβαρος
856 4461 885 4518 et
905 4465 1017 4529 ratane.
