3025 5275
708 667 750 730 93

278 858 381 924 Huius
414 857 528 923 Christi
562 857 667 923 mortis
700 856 759 922 hoc
788 855 942 922 indicetur
969 856 1152 924 eonsilium:
1188 862 1224 922 ut

220 990 361 1055 ¹Iudaeos
390 1014 408 1055 a
437 990 514 1076 legis
552 990 625 1076 iugo
653 989 796 1055 liberaret
821 990 879 1076 (IV
903 1017 911 1057 ι
937 991 987 1075 5),
1011 995 1047 1055 ut
1068 988 1224 1055 felicitatis

233 1123 392 1210 promissio
427 1122 600 1188 Abmhamo
634 1123 731 1202 fecta,
762 1130 784 1207 η’
815 1122 1006 1209 δικαιοσύνη
1031 1127 1065 1189 εἰι
1089 1125 1224 1201 πίστεως

233 1253 375 1319 omnibus
389 1253 533 1341 gentibus
552 1253 742 1340 contingeret
763 1252 799 1318 in
822 1252 943 1318 Christo
965 1253 1037 1319 Iesu
1059 1253 1224 1340 (111214),

233 1393 269 1451 ut
297 1409 407 1452 omnes.
426 1387 563 1452 homines
585 1386 728 1474 spiritum
750 1385 933 1473 promissum
956 1385 1015 1452 fide
1038 1386 1225 1474 acciperent,

235 1521 488 1607 quemadmodum
512 1521 704 1587 Abmhamus
724 1544 795 1587 eum
811 1527 983 1608 acceperat,
1000 1526 1030 1585 et
1046 1529 1101 1605 τῆς
1118 1524 1226 1587 οἶοθε-

235 1656 306 1733 σιάς
330 1661 483 1742 compotes
506 1655 622 1720 fierent.

263 1787 328 1879 ³Sic
358 1789 480 1854 nulium
516 1788 648 1876 amplius
682 1786 847 1853 discrimen
870 1787 974 1853 existit
997 1787 1077 1852 inter
1099 1786 1227 1853 Iudaeos

219 1927 266 1994 ‚et
295 1922 428 2002 Gentes,
458 1922 539 1987 inter
567 1921 679 1987 liberos
709 1925 740 1985 et
764 1942 863 1986 servos
888 1920 985 2006 (1112
1010 1922 1082 2007 28);
1102 1941 1226 2001 omnes,

235 2053 349 2120 Christi
379 2054 490 2142 spiritu
519 2052 649 2133 imbuti,
681 2075 751 2118 eum
773 2054 859 2118 velut
880 2052 1047 2151 induerunt
1072 2054 1127 2140 (vs.
1153 2055 1227 2140 27),

234 2188 279 2253 ita
300 2195 336 2253 ut
356 2185 394 2253 in
413 2210 448 2253 eo
473 2194 629 2273 tamquam
652 2209 732 2252 unus
754 2186 818 2252 sint
838 2186 911 2253 fecti
937 2188 992 2274 (vs.
1017 2189 1083 2274 28).

223 2370 230 2387 .
280 2319 330 2386 Ab
362 2321 420 2385 hoc
452 2321 520 2407 lege
552 2320 690 2401 liberati,
725 2320 875 2406 dominari
909 2326 1066 2409 peccatum
1096 2320 1227 2408 amplius

235 2452 269 2518 iu
311 2453 450 2519 homines
492 2454 600 2538 nequit
644 2454 743 2539 (Rom.
778 2454 827 2519 VI
862 2480 869 2520 :
907 2455 960 2540 14)
976 2481 1006 2520 2-
1031 2458 1104 2519 sunt
1144 2453 1228 2519 enim

235 2590 298 2653 ὑπὸ
340 2593 456 2677 χάριν,
503 2609 581 2672 quoe
621 2609 671 2653 eos
704 2586 792 2653 ducit
825 2587 859 2653 in
893 2587 992 2669 viem,
1026 2608 1118 2673 quam
1150 2586 1229 2654 inire

239 2719 359 2787 debent.
383 2710 537 2786 Dicuntur
556 2728 707 2809 praetereo
726 2725 759 2787 οἱ
781 2726 987 2799 πιστεύοντες
1011 2721 1074 2808 legi
1094 2743 1159 2786 esse
1178 2720 1228 2787 do·

235 2856 347 2921 mortui
369 2858 466 2943 (Rom.
490 2856 556 2921 VH
580 2883 587 2921 ε
611 2859 651 2936 4,
676 2859 919 2941 ἐθανατώθητε
948 2862 993 2942 τῷ
1021 2857 1120 2941 νόμῳ)
1149 2877 1227 2921 oom-

236 2990 380 3055 munione
425 3012 495 3055 oum
537 2989 676 3069 Christe,
722 2989 756 3054 in
790 3011 878 3055 cruce
911 2995 1030 3054 mortuo
1065 2988 1132 3073 (διὰ
1171 2994 1226 3055 τοῦ

237 3130 384 3210 σώματος
408 3124 584 3210 Χριστοῦ),
607 3122 685 3208 legis
704 3122 833 3209 imperio
847 3145 910 3187 non
925 3121 1056 3220 emplius
1071 3120 1227 3203 adstricti,

237 3256 308 3341 quie
323 3304 326 3311 ·
340 3256 490 3322 demortui
522 3262 595 3321 sunt
628 3255 678 3335 ei,
698 3277 759 3340 que
788 3260 877 3320 antee
907 3253 1089 3320 tenebantur
1124 3255 1180 3341 (vs.
1207 3257 1225 3319 6

239 3397 491 3476 κατηργήθημεν
526 3390 591 3454 οἰπὸ
625 3396 681 3454 τοῦ
719 3393 837 3474 νόμον,
870 3388 1101 3465 ἀποθανόντες
1134 3391 1169 3455 ἐν
1201 3376 1229 3474 ᾦ

239 3522 470 3611 κατειχόμεθα)
492 3528 523 3586 et
545 3521 669 3607 quidem
691 3544 726 3587 eo
749 3521 894 3603 consilio,
917 3529 952 3589 ut
974 3523 1229 3609 coniungerentur

240 3677 309 3720 cum
332 3677 384 3735 eo,
407 3655 461 3740 qui
484 3678 500 3720 e
522 3622 650 3721 mortuis
672 3661 718 3720 est
733 3656 939 3737 resuscitatus,
958 3662 990 3721 et
1004 3657 1069 3722 Deo
1084 3657 1231 3749 servirent
1273 3645 1274 3649 ¹

241 3793 275 3854 ἐν
311 3793 481 3874 καινότητι
517 3794 720 3874 πνεύματος,
754 3788 850 3855 libere
884 3795 1041 3876 tamquam
1071 3790 1128 3855 filii
1160 3813 1229 3856 eum

240 3920 403 4002 adeunteS,
447 3944 508 3987 non
549 3923 680 4010 emplius
715 3928 750 3991 ἐν
786 3923 983 4010 παλαιότητι
1021 3931 1227 4011 γράμματος,

240 4055 493 4140 quemadmodum
524 4062 629 4136 antee,
653 4080 750 4142 quum
772 4056 883 4123 ritibus
906 4064 937 4124 et
959 4059 1153 4125 coeremoniis
1179 4058 1230 4124 ob·

240 4189 393 4255 servandis
416 4212 536 4277 operam
558 4189 673 4256 dorent.

285 4322 329 4386 At
373 4345 453 4427 vero¹
488 4328 523 4387 ut
566 4323 656 4388 homo
690 4323 781 4389 fidem
815 4324 849 4389 iu
878 4324 943 4389 Deo
975 4347 1085 4412 ponere
1118 4325 1229 4413 possit,
1344 4314 1347 4319 ¹

240 4477 302 4520 non
333 4455 444 4521 sufficit
467 4479 537 4521 eum
560 4455 682 4522 liberari
705 4480 723 4521 o
745 4456 824 4544 legis
844 4457 928 4544 iugo.
974 4457 1143 4546 Supersunt
1164 4482 1232 4548 pec·
