3025 5275
783 646 945 725 oa'

310 852 434 942 primis,
465 853 513 923 his
539 853 638 919 verbis
660 853 775 920 Christi
796 860 924 920 mortem
947 855 1186 944 satisfactorium
1209 856 1298 921 iutel-

310 987 449 1054 lererunt
472 990 522 1074 1),
547 987 585 1054 de
611 1011 671 1074 qua
692 993 794 1053 tamen
818 1011 984 1054 sermonem
1006 1011 1068 1054 non
1090 1012 1155 1055 esse
1176 996 1299 1077 apparet

311 1143 348 1187 ex
369 1121 461 1186 huius
483 1121 589 1187 mortis
612 1121 757 1201 oonsilio,
781 1121 863 1208 quod
885 1121 1039 1188 indicatur
1061 1145 1088 1189 e.
1112 1123 1244 1189 111214
1268 1127 1300 1188 et
1324 1192 1326 1198 ,

310 1254 357 1322 IV
381 1281 388 1320 τ
413 1259 444 1321 5.
467 1255 607 1321 Christus
622 1256 753 1343 perfecta
765 1278 819 1321 sua
831 1254 1021 1336 obedientia,
1034 1278 1124 1341 qnam
1135 1280 1189 1344 per
1203 1261 1299 1322 totam

310 1411 396 1454 suam
429 1388 536 1469 vitam,
571 1389 624 1454 sed
657 1389 692 1454 in
725 1389 833 1476 primis
866 1389 900 1454 in
922 1395 1019 1454 morte
1041 1389 1106 1454 Deo
1127 1389 1297 1477 praestitit,

309 1520 484 1587 hominibus
513 1544 626 1587 novum
648 1521 734 1606 quasi
762 1522 904 1608 spiritum
926 1521 1058 1602 indidit,
1083 1521 1136 1607 qui
1163 1522 1298 1608 elegati

307 1654 479 1722 obedientia
503 1677 626 1743 prorsus
646 1661 710 1721 erat
732 1655 859 1720 alienus.
906 1656 1053 1721 Attamen
1076 1678 1092 1721 e
1114 1655 1193 1742 legis
1215 1655 1297 1742 priu-

309 1788 389 1876 eipio
411 1795 474 1855 erat
495 1794 664 1853 exsecratus
699 1791 834 1876 (apparet
855 1787 988 1853 Paulum
1009 1788 1076 1869 hie,
1101 1794 1136 1853 ut
1159 1789 1297 1876 saepiae,

308 1921 493 1990 abstractum
515 1945 569 2010 pro
592 1928 730 1987 concreto
754 1922 920 2010 posuisse),
944 1921 983 1987 ad
1006 1922 1087 2009 quod
1109 1922 1300 2010 probandum

309 2057 474 2145 Apostolus
495 2056 598 2123 laudat
620 2057 722 2122 locum
745 2080 763 2121 e
784 2056 1019 2123 Deuteronomio
1039 2057 1112 2145 Cap.
1130 2057 1231 2123 XXI:
1245 2059 1298 2136 23,

309 2190 364 2256 ubi
387 2191 424 2255 de
446 2214 590 2279 suspenso
613 2213 710 2256 sermo
733 2196 797 2271 est,
821 2191 875 2275 qui
886 2190 1009 2256 Deoest
1024 2190 1207 2270 exoneratio,
1223 2212 1300 2278 quae

309 2322 400 2389 verba
420 2323 516 2390 libere
538 2347 555 2389 e
576 2324 667 2390 LXX
690 2328 763 2388 suut
784 2324 882 2412 petita
898 2325 941 2409 2).

309 2519 477 2530 ...ῥα-η

350 2616 380 2689 1)
391 2611 598 2673 Animadvertit
609 2610 730 2671 Bthrius
741 2611 830 2687 (stud.
842 2610 900 2671 uad
908 2609 983 2670 Krit.
994 2611 1081 2680 1849,
1090 2623 1152 2687 pag.
1162 2611 1220 2668 924
1228 2612 1301 2689 sqq.)

307 2722 364 2782 fere
385 2742 482 2782 omnes
503 2726 596 2800 patres
616 2720 743 2799 priorum
760 2719 996 2779 serseeoulorum
1008 2718 1126 2777 eandem
1137 2718 1301 2796 interpreta-

306 2829 412 2889 tionem
434 2830 521 2889 tuitos
542 2849 617 2899 esse,
639 2849 754 2907 prorsus
776 2827 935 2906 oppositam
948 2826 1086 2905 ei,quam
1094 2826 1301 2885 Reformatores

308 2944 335 2997 et
355 2943 420 3017 post
440 2958 488 2997 eos
509 2937 605 3016 plures
626 2938 809 3016 interpretes,
831 2935 913 2995 etiam
937 2933 1122 3005 recentiores,
1141 2935 1207 2995 tuiti
1225 2941 1299 2994 sunt.

350 3058 379 3132 2)
403 3055 496 3114 Habet
516 3059 609 3114 textus
632 3054 718 3114 Hebr.
744 3044 820 3146 'tbqt
843 3041 947 3140 ossn‘uj,
970 3038 1061 3146 nbbp
1085 3051 1176 3111 LXX:
1196 3079 1302 3116 κεκοτη-

306 3181 413 3252 papinus
431 3175 482 3234 ὑπὸ
501 3155 567 3234 θεοῦ
587 3182 640 3239 πᾶς
658 3180 812 3253 κρεμάμενος
832 3180 875 3235 ἐπὶ
896 3179 983 3246 ξυλοῦ.
1014 3171 1071 3230 Gur
1091 3170 1197 3229 Paulus
1220 3170 1303 3227 verba

307 3269 358 3341 tet
398 3288 482 3350 θεοῦ,
524 3298 596 3358 quae
637 3284 665 3338 et
700 3279 732 3337 in
776 3285 856 3339 textu
883 3262 1034 3339 ¹Hebraico
1069 3286 1097 3338 et
1130 3277 1161 3337 in
1195 3277 1302 3336 Graeco

306 3387 500 3452 inveniuntur.
534 3387 678 3458 omiserit,
710 3387 882 3448 dissentiunt
912 3388 1087 3466 interpretes.
1121 3386 1220 3445 Plures
1241 3405 1303 3445 een·

307 3499 388 3566 sent,
431 3494 499 3554 haee
537 3494 622 3553 verba
661 3495 801 3555 a'Paulo
832 3496 948 3555 fortuito
981 3515 1042 3554 esse
1073 3495 1176 3555 omissa
1212 3499 1240 3553 et
1273 3514 1302 3553 re

308 3622 372 3661 vera
393 3602 562 3681 Apostolum
583 3602 741 3674 Christum,
765 3603 795 3662 in
817 3623 899 3663 eruee
919 3604 1101 3682 pendentem,
1121 3603 1303 3681 proposuisse

306 3731 324 3769 a
343 3711 403 3771 Deo
425 3711 623 3781 maledictum,
644 3712 752 3791 quippe
770 3712 820 3791 qui
842 3721 958 3795 κάταραο
980 3713 1122 3784 divinam,
1148 3732 1233 3792 quam
1253 3712 1302 3771 ho·

307 3819 397 3880 mines
419 3824 588 3890 meruerunt,
599 3819 629 3878 in
640 3839 669 3878 se
680 3821 834 3898 susceperit
854 3820 916 3880 Nos
927 3841 991 3880 eum
1004 3821 1110 3880 Buhrio
1122 3822 1141 3881 l.
1151 3822 1170 3880 l.
1181 3820 1301 3899 aliisque

307 3928 465 3999 eredimus,
496 3929 618 3988 Paulum
648 3929 768 3988 oonsilio
801 3928 885 3987 verba
906 3933 957 3990 ὑπὸ
980 3938 1046 3991 θεοῦ
1067 3929 1213 3999 reieoisse,
1235 3927 1302 4008 quia

308 4036 452 4107 Christus,
473 4035 504 4095 in
525 4055 607 4095 eruce
626 4035 769 4113 pendens,
792 4035 908 4096 minime
929 4035 954 4094 si
975 4043 1035 4094 eret
1054 4039 1301 4117 ἐπικατάρατοςὺπὸ

281 4226 283 4229 ι
307 4155 391 4220 θεοῦ,
414 4163 583 4223 quamquam
606 4143 769 4202 hominibus
789 4143 841 4202 sub
862 4144 925 4220 lege
945 4143 985 4202 ita
1007 4142 1161 4201 ridebatur.
1203 4142 1301 4201 Anim-

250 4279 252 4283 <
307 4249 426 4308 advertit
446 4249 521 4308 idem
543 4249 576 4308 V.
601 4249 652 4318 D.,
673 4249 798 4327 priorem
820 4247 1080 4325 interpretationem
1102 4248 1157 4306 iem
1170 4247 1301 4306 reiectam

306 4377 367 4416 esse
388 4379 404 4417 a
425 4359 534 4417 Iustino
556 4357 638 4416 Mart.
662 4356 693 4415 in
714 4356 790 4415 Diod.
812 4377 835 4416 e.
853 4357 970 4434 Trpplr„
992 4356 1042 4415 ubi
1065 4356 1178 4414 scribit:
1201 4350 1230 4418 οὐ
1256 4362 1301 4418 καὶ

306 4470 374 4529 κατὰ
397 4477 443 4531 τοῦ
464 4477 579 4549 Χριστοῦ
599 4477 646 4528 τοῦ
666 4478 733 4528 Θεοῦ
754 4472 863 4548 κοίτοιροιΙ
877 4463 991 4528 κοῖται.”
