3025 5275
779 676 842 741 110

310 853 469 938 describit,
507 856 541 922 in
573 853 695 923 Christo
728 856 904 924 hominibus
926 858 1116 945 patefactam.
1163 858 1205 924 Et
1225 857 1301 944 quid

309 986 381 1054 inde
421 995 522 1055 manat
562 989 597 1054 in
630 1011 697 1069 eos,
733 991 787 1076 qui
819 991 898 1057 hano
933 990 1062 1076 gratiam
1095 991 1300 1079 aooeperunt?

311 1124 352 1187 Οἱ
383 1128 442 1206 τὴν
473 1124 657 1209 περισσείαν
690 1131 746 1206 τῆς
779 1132 908 1213 χάριτος
940 1129 996 1191 καί
1020 1134 1076 1210 τῆς
1101 1127 1220 1212 δωρεᾶς
1243 1133 1300 1209 τῆς

311 1255 519 1341 δικαιοσύνης
557 1260 782 1346 λαμβάνοντες
819 1260 853 1325 ἓν
887 1257 952 1344 ζωῇ
982 1256 1208 1347 βασιλεύσουσι
1244 1259 1327 1325 διὰ·

310 1395 366 1454 τοῦ
397 1393 469 1467 ἕνός
501 1399 528 1456 Ι.
555 1398 600 1456 X.
629 1391 683 1474 (VS.
709 1392 775 1475 17).
823 1390 885 1473 Qui
907 1391 986 1456 hano
1009 1388 1213 1457 abundantem
1235 1412 1300 1475 gra-

310 1519 401 1600 tiam,
425 1542 516 1606 quam
538 1522 622 1587 Deus
636 1522 676 1587 iis
692 1520 822 1602 obtulit,
838 1529 869 1588 et
884 1523 1007 1603 donum,
1023 1544 1083 1608 quo
1100 1516 1159 1607 τὴν
1177 1523 1300 1589 δικαιο-

312 1658 412 1739 σιίνην
444 1656 586 1741 consequi
609 1662 753 1744 possunt,
778 1656 836 1721 fide
858 1661 1055 1744 acceperunt,
1078 1655 1112 1721 hi
1135 1654 1226 1721 etiam
1248 1678 1302 1742 per

311 1808 406 1851 unum
440 1788 468 1853 I.
503 1787 538 1853 C.
572 1787 760 1875 regnabunt,
795 1789 875 1855 vitae
907 1789 1068 1877 participes
1097 1788 1160 1854 iam
1189 1788 1245 1854 hae
1266 1788 1301 1853 in

312 1927 408 2000 terra,
431 1921 484 1986 sed
507 1923 605 1987 multo
627 1923 725 2010 magis
748 1923 840 1989 etiam
854 1929 923 2011 post
937 1932 1075 1990 mortem.
1101 1928 1147 1990 Τὸ
1162 1930 1299 2013 χάρισμα

313 2059 347 2120 ἐκ
383 2054 515 2123 πολλῶν
550 2064 822 2144 παραπτωμάτων
858 2063 903 2136 εἷς
939 2060 1101 2144 δικαίωμα
1139 2061 1194 2143 (τε.
1231 2060 1297 2144 16).

313 2189 413 2254 Multa
446 2197 567 2278 peecata
596 2191 916 2277 -quemadmodum
939 2214 1020 2258 unus
1043 2197 1180 2280 peccator
1203 2191 1302 2257 effecit

312 2329 348 2388 ut
379 2323 529 2390 iudicium
562 2325 689 2391 ferretum
721 2326 926 2392 condemnans
952 2364 995 2375 -
1024 2348 1127 2391 ansam
1151 2323 1302 2401 ‚dederunt

312 2463 348 2522 ut
370 2455 548 2523 beneficium
570 2458 629 2523 Dei
649 2459 746 2545 gratia
757 2458 846 2525 nobis
858 2458 1086 2537 concederetur,
1098 2479 1159 2544 quo
1167 2457 1302 2545 probans

313 2591 350 2658 de
382 2591 470 2658 nobis
503 2594 586 2659 fieret
621 2592 780 2660 iudicium.
837 2595 890 2661 Δι’
919 2596 990 2669 ἑνὸς
1016 2590 1234 2677 δικαίωματος
1256 2594 1300 2668 εἰς

313 2731 440 2801 πάντας
463 2726 663 2812 οίνθρώπονς
686 2731 730 2804 είς
755 2725 927 2794 δικαίωσιν
941 2727 1021 2809 ζωῆς
1036 2727 1090 2810 (vs,
1106 2726 1170 2809 18).
1194 2723 1301 2789 Plures

313 2856 491 2943 interpretes
529 2881 593 2924 voc.
629 2858 792 2943 δικαίωμα
818 2859 850 2923 h.
877 2857 899 2924 l.
923 2857 1013 2923 aliter
1035 2857 1187 2944 explicant
1210 2862 1301 2943 atque

314 2996 386 3055 sect.
422 2994 481 3070 16,
516 2990 630 3057 Christi
663 2992 807 3058 meritum
841 2990 1067 3077 intelligentes,
1096 2990 1215 3055 sivein
1237 2995 1302 3055 tota

313 3125 378 3189 eius
400 3124 463 3189 vita
484 3125 673 3192 sanctissima
695 3127 758 3192 sive
781 3127 815 3193 in
837 3126 1026 3205 obedientia,
1043 3149 1134 3211 quam
1145 3126 1180 3191 in
1192 3125 1300 3213 primis

312 3257 346 3321 in
378 3280 432 3322 sua
460 3266 556 3324 morte
582 3260 646 3325 Deo
676 3259 838 3348 praestitit.
885 3258 985 3325 Nobis
1003 3257 1089 3325 nulla
1111 3281 1215 3324 caussa
1237 3279 1302 3323 esse

314 3388 433 3455 videtur
455 3413 508 3456 our
526 3414 588 3456 non
609 3391 679 3472 hic,
703 3399 738 3457 ut
762 3415 866 3481 supra,
894 3392 922 3458 ei
948 3392 1105 3458 notionem
1131 3390 1301 3457 tribuamus

312 3522 421 3588 iudicii
442 3523 500 3588 Dei
520 3524 695 3610 probantis,
719 3526 753 3590 in
775 3524 900 3613 primis,
924 3532 959 3590 ut
981 3524 1194 3590 animadvertit
1216 3523 1299 3590 Hen-

314 3656 429 3742 gelius,
463 3656 536 3742 quia
569 3681 612 3724 vr.
649 3662 689 3724 15
725 3666 756 3724 et
791 3663 831 3727 17
857 3666 901 3744 τῷ
926 3663 1168 3745 παραπτώματι
1191 3655 1304 3723 Adami

313 3810 374 3853 non
397 3789 561 3876 opponitur
576 3788 692 3857 Christi
713 3792 874 3871 meritum,
899 3791 952 3857 sed
973 3790 1032 3856 Dei
1052 3797 1142 3878 χάρις
1155 3795 1186 3855 et
1198 3790 1301 3875 δωρεά

314 3927 345 3987 et
365 3930 387 4006 η’
409 3924 573 4007 περισσεία
596 3931 651 4006 τῆς
676 3932 805 4013 χάριτος
822 3929 949 4007 καὶτῆς
967 3923 1086 4007 δωρεᾶς
1103 3932 1158 4006 τῆς
1176 3924 1299 3991 δικαιο·

315 4063 423 4142 σιίνης.
468 4058 604 4124 Multum
633 4059 723 4123 etiarn
753 4058 941 4146 disputatum
976 4064 1021 4122 est
1051 4057 1088 4122 de
1111 4055 1226 4122 verbis:
1255 4061 1300 4133 εἷς

315 4196 443 4266 πάντας
472 4192 686 4277 ἀνθρώπους,
716 4189 828 4276 quibus
850 4190 963 4255 Paulus
987 4188 1138 4276 signifieat
1160 4186 1301 4253 omnibus

314 4321 489 4389 hominibus
511 4323 591 4389 viam
606 4323 645 4387 ad
660 4322 830 4391 δικαίωσιν
847 4328 964 4410 patere,
981 4343 1162 4408 quamquam
1174 4320 1302 4386 minime

315 4477 419 4521 omnes
448 4477 546 4522 ooram
572 4457 637 4521 Deo
665 4455 885 4544 probabantur,
920 4455 992 4541 quia
1014 4454 1113 4527 multi.
1126 4454 1215 4519 fidem
1238 4476 1300 4519 non
