3025 5275
654 681 692 746 75

177 873 374 959 religiosum,
408 874 443 939 in
476 872 643 939 obedienda
670 872 735 938 Deo
762 872 851 958 eique
877 896 909 939 se
931 873 1077 942 tradendo
1100 897 1169 941 oon·

178 1008 327 1096 spiouum.
375 1009 416 1074 Et
449 1009 527 1074 hano
560 1008 651 1074 fidem
674 1030 760 1073 verae
787 1007 867 1072 vitae
889 1031 956 1074 esse
977 1009 1109 1089 fontem,
1134 1031 1171 1074 ex

178 1164 212 1207 ea
225 1148 347 1207 tantum
361 1142 457 1208 vitam
471 1141 591 1207 beatam
606 1163 737 1222 manare,
750 1143 906 1207 confirmat
916 1142 998 1208 dioto
1009 1144 1171 1230 prophetae

175 1275 344 1341 laudando:
367 1280 386 1342 o‘
409 1277 536 1353 δίκαιος
560 1279 594 1341 εἰι
619 1275 754 1352 πίστεως
780 1276 909 1359 ζήσεται
937 1276 1035 1366 (Rom.
1056 1277 1169 1356 1:17,
1234 1322 1237 1328 ·

177 1409 247 1474 Gal.
280 1410 363 1475 HI:
394 1408 462 1496 11).
510 1410 566 1474 Est
611 1432 698 1496 porro
741 1431 793 1488 ea,
838 1409 872 1474 in
908 1409 973 1475 Deo
1011 1410 1170 1496 ponenda,
1252 1385 1263 1406 ⁴

175 1540 285 1606 fiducia
307 1563 383 1626 quae
404 1539 503 1606 minui
522 1561 584 1605 non
603 1545 718 1627 potest,
732 1539 832 1624 qualis
846 1545 909 1605 erat
921 1540 1086 1606 Abrahami
1097 1540 1170 1605 fides

178 1672 211 1761 (4
236 1702 243 1739 :
269 1673 343 1762 19),
378 1696 455 1759 quae
484 1673 522 1739 de
549 1672 608 1737 Dei
631 1672 788 1759 promissis
812 1695 977 1758 numquam
1001 1672 1170 1739 dubitabat.

175 1806 440 1887 Bom.XsV:a,
466 1811 526 1885 22,
552 1809 593 1871 23
616 1809 724 1881 πίστις
747 1806 923 1872 estinima
937 1807 1032 1873 animi
1048 1830 1167 1895 persua·

177 1939 239 2020 si0,
282 1963 359 2026 quae
392 1961 455 2005 non
488 1962 525 2004 ex
558 1939 686 2003 aliorum
709 1939 824 2004 iudicio
843 1939 973 2028 pendet,
997 1941 1049 2006 sed
1071 1941 1172 2006 Deum

175 2073 266 2139 unice
306 2073 438 2138 iudioem
479 2095 569 2137 suum
603 2072 741 2159 agnoseit
752 2102 761 2154 ;
800 2080 956 2161 propterea
990 2078 1007 2141 ὃ
1043 2075 1100 2140 οὐκ
1136 2078 1170 2140 ἐκ

175 2208 311 2283 πίστεως
334 2214 380 2272 est
400 2208 556 2293 ἁμαρτία.
591 2206 664 2271 Non
688 2206 761 2272 talis
782 2208 853 2273 fidei
876 2208 1042 2296 Apostolus
1066 2215 1170 2275 auctor

176 2363 240 2406 esse
269 2340 383 2421 voluit,
414 2363 491 2426 quae
521 2341 555 2405 in
586 2340 734 2427 sapientia
763 2342 897 2407 humana
919 2343 1054 2408 cernitur
1078 2365 1172 2428 eaque

177 2481 383 2562 eomparatur,
422 2475 476 2540 sed
511 2497 588 2560 quae
621 2482 667 2539 est
701 2480 735 2542 ἐν
769 2476 904 2560 δυνάμει
938 2480 1018 2544 Θεοῦ
1045 2474 1076 2565 (1
1102 2474 1170 2540 Cor.

177 2607 213 2674 Π
238 2636 244 2674 :
272 2607 328 2697 5),
352 2629 429 2693 quae
450 2608 489 2674 ad
508 2608 637 2674 salutem
660 2607 745 2674 ducit
770 2606 869 2698 (Rom.
891 2609 941 2675 I':
964 2609 1039 2696 16),
1061 2609 1172 2696 quibus

178 2742 289 2809 diserte
322 2743 440 2810 indicat
472 2744 507 2808 in
541 2767 610 2809 vera
643 2743 702 2808 fide
732 2743 929 2810 describenda
962 2767 1024 2810 non
1049 2751 1170 2810 tantum

177 2878 289 2943 mentis
322 2878 546 2966 persuasionem
581 2878 610 2942 ei
643 2876 830 2943 obversatam
864 2901 937 2944 esse.
995 2880 1028 2945 si
1060 2883 1078 2944 1
1104 2879 1172 2945 Oor.

177 3012 262 3077 XIH
285 3039 293 3077 ι
319 3015 337 3074 2
361 3011 537 3090 contendit,
559 3010 650 3075 fidem
673 3011 739 3075 sine
761 3033 862 3077 amore
880 3012 961 3077 nihil
980 3011 1095 3092 valere,
1111 3035 1173 3078 non

178 3166 249 3209 sane
281 3143 407 3208 andem
442 3166 506 3208 rem
537 3144 689 3230 signifieat
722 3150 814 3229 atque
847 3144 917 3209 Gal.
948 3144 978 3206 V
1014 3172 1020 3208 :
1051 3149 1088 3224 6,
1113 3168 1173 3230 quo

177 3277 243 3342 loco
277 3280 385 3354 πίστις
421 3275 602 3341 describitur
632 3276 676 3341 δι’
710 3277 840 3359 α’μοιπῆς
869 3277 1085 3361 ἐνεργουμένη
1093 3305 1102 3358 3
1127 3283 1174 3341 est

178 3411 260 3476 enim
301 3411 374 3475 haec
415 3409 600 3498 principium
634 3409 827 3495 religiosum,
865 3431 941 3495 quae
976 3409 1042 3475 sine
1075 3432 1173 3475 amore

179 3543 305 3629 eogitari
338 3542 465 3628 nequit,
486 3542 542 3607 illa
564 3548 665 3607 autem
687 3541 781 3606 habet
803 3541 972 3607 confidendi
1000 3543 1172 3621 notionem,

178 3676 314 3741 noudum
348 3676 435 3742 valde
469 3678 629 3742 excultam.
676 3675 791 3740 Eadem
815 3676 1036 3762 significatione
1061 3675 1173 3741 dieitur

177 3820 198 3895 ἡ
221 3813 333 3895 σίγάπη
356 3817 467 3876 πάντα
491 3816 654 3876 πιστεοίειν
682 3809 714 3898 (1
732 3808 801 3874 Cor.
818 3809 903 3874 XIII
921 3837 927 3873 :
944 3808 975 3896 7)
994 3816 1025 3872 et
1043 3809 1098 3895 (vs
1117 3811 1171 3894 13)

177 3946 284 4018 πίστις
306 3944 437 4027 μένειν,
460 3966 495 4007 ea
516 3965 639 4030 nempe,
663 3944 715 4008 eui
736 3947 869 4030 praestat
892 3950 913 4026 ἡ
935 3944 1059 4027 οἰμάπη.

224 4076 287 4158 Qui
329 4077 421 4140 talem
465 4077 500 4140 in
545 4076 610 4142 Deo
654 4076 797 4163 fiduoiam
840 4075 959 4162 posuit,
1008 4080 1045 4139 ut
1081 4075 1174 4140 dubio

178 4230 239 4273 nou
272 4207 403 4293 amplius
438 4208 523 4272 locus
557 4209 706 4295 supersit,
742 4210 818 4274 alios
852 4209 944 4274 etiam
980 4208 1076 4272 socios
1099 4231 1173 4272 nan·

178 4340 252 4405 aisei
274 4362 403 4426 eumque
425 4340 464 4405 iis
487 4341 544 4405 hoe
565 4341 680 4407 donum
704 4342 926 4407 communicare
949 4340 1035 4428 eupit
1048 4368 1058 4412 :¹
1084 4348 1173 4424 ἡμεῖς

179 4483 389 4563 πιστεύομεν,
415 4476 465 4541 διὸ
490 4481 545 4546 καί
570 4475 731 4565 λαλοῦμεν
759 4478 792 4567 (2
809 4475 877 4547 Cor.
894 4475 941 4542 IV
958 4503 965 4541 ε
984 4474 1051 4564 13).
1077 4475 1174 4544 verae
