3025 5275
792 662 835 725 48

324 853 450 932 iniecit,
478 853 560 937 quod
582 853 648 939 ipse
669 875 771 932 mors,
794 854 820 917 si
844 859 1002 940 peccatum
1023 874 1085 916 non
1101 851 1234 930 adesset,
1249 872 1313 915 non

324 985 490 1064 effecisset,
517 1007 594 1069 quae
615 991 682 1049 tum
703 985 870 1071 unicuique
892 985 998 1050 fnisset
1012 985 1158 1050 transitus
1173 982 1212 1047 ed
1226 984 1312 1048 meli·

326 1141 407 1184 orem
441 1118 535 1183 vitam
559 1120 601 1203 1).
637 1118 772 1198 Paulus,
808 1124 936 1183 mortem
970 1118 1072 1182 dicens
1104 1121 1144 1181 τὰ
1178 1117 1311 1204 ὀψώνια

324 1260 380 1335 τῆς
409 1230 583 1337 &nuntiae
603 1251 700 1335 (Rom.
723 1250 772 1315 VI
797 1278 804 1315 :
830 1252 906 1335 23),
931 1249 1083 1334 significat
1105 1271 1171 1313 eam
1194 1250 1310 1336 peccati

324 1408 388 1450 esse
420 1384 608 1464 mercedem,
642 1407 732 1470 quam
766 1384 975 1470 unusquisque
998 1383 1052 1468 qui
1073 1390 1178 1469 peccat
1200 1383 1313 1447 solvere

324 1516 412 1583 debet
425 1519 467 1603 2).

368 1655 436 1716 Καὶ
458 1653 557 1726 οὕτως
578 1655 621 1727 εἷς
634 1658 761 1727 πάντας
775 1653 977 1736 ἀνθρώπους
990 1652 1166 1725 όθάνατος
1180 1650 1211 1733 3)
1226 1646 1313 1731 διῆλ-

325 1792 405 1863 θεν,
430 1785 479 1869 ἐφ’
504 1772 532 1870 ᾧ
552 1790 672 1859 πάντες
692 1789 836 1869 ἥμαρτον
856 1782 914 1867 (δι’
932 1787 1115 1869 ἀνθρώπου
1131 1787 1149 1848 ό
1164 1789 1311 1857 θάνατος

323 1923 354 1981 et
387 1923 507 1993 πάντες
542 1920 576 1982 ἐν
611 1922 655 1981 τῶ
691 1915 802 1999 ’Λδὰμ
836 1917 1105 1997 ἀποθνήσκουσιν
1131 1917 1163 2000 4)
1199 1913 1310 1980 1001.

324 2050 385 2115 XV
420 2079 427 2115 ε
464 2054 523 2129 21,
560 2051 633 2135 22),
679 2049 722 2113 sie
768 2048 868 2134 pergit
908 2071 952 2113 vs.
997 2053 1057 2129 12,
1103 2071 1179 2135 quae
1224 2047 1325 2133 verba·

322 2182 479 2270 Apodosin
498 2183 650 2247 continere
672 2204 735 2246 non
758 2204 932 2261 censemus,
958 2183 1009 2247 sed
1035 2184 1194 2270 opinamun
1209 2181 1311 2269 podius

322 2322 417 2381 totam
447 2315 627 2380 sententiam
645 2337 709 2379 esse
729 2314 882 2400 protasin,
907 2316 956 2379 eui
980 2316 1131 2403 Apodosis
1154 2316 1254 2394 de‘e'st,
1278 2321 1315 2378 ut

324 2449 443 2537 saepius
472 2449 552 2536 apud
572 2449 720 2527 Paulum,
747 2448 861 2512 fervore
883 2447 1027 2512 orationis
1048 2447 1196 2511 nonnulle
1217 2447 1309 2510 inter·

325 2588 504 2669 ponentem,
528 2589 691 2669 antequam
715 2581 865 2647 sententia
886 2581 924 2647 ed
946 2582 1037 2646 finem
1051 2580 1195 2669 perducta
1210 2586 1256 2645 est
1269 2581 1312 2666 5).

369 2717 419 2782 Sie
448 2722 621 2804 peecatum,
652 2716 797 2803 peccandi
819 2717 1005 2804 principium
1028 2723 1059 2780 et
1081 2738 1135 2803 per
1156 2722 1315 2803 peceatum

324 2871 404 2915 mors
425 2848 459 2912 in
480 2847 629 2913 mundum
651 2855 713 2914 erat
731 2851 876 2938 ingresse.
899 2851 1006 2937 Pergit
1016 2851 1183 2938 Aposuolus
1194 2851 1313 2915 inverso

326 3090 512 3103 ...-..---

366 3255 394 3336 1)
415 3256 471 3321 cfr.
503 3256 540 3315 ud
572 3257 599 3318 h.
626 3258 645 3316 l.
677 3256 834 3334 Hengelius
864 3257 894 3316 in
930 3257 1025 3316 Oomm.
1050 3275 1130 3332 perp.
1153 3257 1192 3315 ad
1205 3256 1316 3332 prioris

323 3365 406 3424 Pauli
433 3365 472 3423 ad
498 3364 558 3424 Cor.
581 3365 661 3440 Epist
686 3365 774 3441 Caput
797 3365 827 3422 X
830 3366 860 3429 V,

366 3473 394 3552 2)
413 3472 499 3530 Plura
542 3470 578 3530 de
618 3472 668 3530 hae
713 3471 877 3550 quaestione
908 3471 1089 3532 inveniuntur
1123 3470 1201 3548 apud
1232 3470 1315 3543 Doet.

95 3611 102 3631 ·
228 3592 230 3597 ’
322 3582 355 3642 F.
387 3580 571 3640 Rauwenhoff
598 3578 628 3638 in
660 3579 732 3658 disq.
764 3580 817 3638 exh
861 3579 945 3639 Pauli
970 3582 1131 3639 sententiam
1151 3579 1184 3637 de
1205 3580 1264 3637 vita
1287 3578 1317 3635 in

324 3691 428 3748 domine
455 3692 575 3747 aeterna.

365 3799 393 3879 3)
415 3799 448 3856 In
477 3796 568 3861 Codd,
596 3794 629 3856 D.
665 3796 697 3856 Ε.
732 3796 765 3854 F.
801 3797 835 3860 G.
872 3815 931 3856 voc.
967 3801 979 3857 ‘o
1014 3805 1131 3866 θάνατος
1151 3795 1229 3854 deest
1253 3798 1317 3852 ente

324 3910 451 3983 διῆλθεν)
474 3904 525 3963 sed
546 3903 655 3963 etiamsi
676 3903 882 3975 omittendum,
904 3910 997 3963 tamen
1021 3903 1249 3963 subaudiendum
1264 3908 1315 3967 est,

365 4015 393 4094 4)
414 4013 484 4072 Voe.
514 4019 607 4081 πάντες
637 4012 767 4071 universe
797 4032 857 4072 esse
888 4013 1104 4091 accipiendum,
1126 4033 1182 4073 non
1208 4018 1319 4072 tuntum

324 4123 360 4184 de
381 4122 566 4191 Christianis,
587 4121 696 4181 iudicet
717 4122 784 4181 cler.
810 4122 1049 4203 Seholten,deer
1069 4123 1120 4181 der
1142 4121 1229 4203 Here.
1251 4121 1317 4179 leerk

325 4232 392 4308 (Ed,
414 4231 467 4311 ΠΙ)
488 4231 518 4288 ΙΙ
540 4249 602 4307 pag,
626 4233 673 4295 98.

367 4339 397 4422 5)
418 4337 556 4398 Nonnulli
577 4344 642 4415 post
663 4341 709 4399 διὰ
729 4350 805 4400 τοῦτο
826 4337 958 4415 supplent
979 4344 1034 4399 ἐστι
1055 4356 1079 4396 v.
1092 4356 1114 4396 e.
1127 4337 1317 4414 Visseringius

325 4450 355 4511 in
382 4448 411 4507 1⁰
434 4447 508 4518 Ed..
530 4446 580 4526 qui
601 4453 694 4505 tamen
715 4445 745 4504 in
766 4445 853 4505 altera
873 4446 982 4506 censuit
1001 4445 1149 4524 Apodosin
1171 4445 1276 4506 deesse.
