3025 5275
663 679 704 746 83

232 873 310 939 Inde
331 873 369 938 ab
392 874 510 939 Adamo
533 896 636 938 omnes
659 875 799 939 homines
818 879 1034 961 peccavenmt,
1055 873 1180 939 sednon

187 1028 291 1072 omnes
329 1008 432 1072 eadem
454 1009 591 1073 ratione:
627 1008 770 1072 nonnulli
793 1007 875 1072 enim
899 1008 1016 1092 peceati
1038 1006 1097 1071 sibi
1119 1029 1181 1071 non

188 1140 301 1205 conscii
324 1148 406 1206 sunt.
452 1141 541 1206 Hanc
567 1146 668 1205 autem
691 1141 807 1227 peccati
831 1141 1036 1227 cognitionem
1058 1139 1182 1227 praebet

187 1273 238 1338 lex
277 1274 523 1358 qualiscumque,
563 1274 626 1337 sive
661 1273 774 1359 scripta
810 1272 873 1336 sive
906 1272 1071 1351 naturalis,
1106 1294 1182 1356 quae

188 1404 343 1469 hominem
373 1404 463 1469 docet
495 1403 570 1488 quid
600 1402 714 1468 bonum
741 1404 782 1466 sit
805 1402 880 1486 quid
901 1402 1030 1481 malum,
1055 1401 1130 1487 quid
1152 1401 1181 1465 ei

188 1537 377 1616 faciendum,
401 1536 476 1620 quid
494 1558 556 1600 non
574 1535 747 1600 faciendum
770 1535 830 1614 sit,
856 1533 990 1599 iubendo
1002 1541 1032 1601 et
1043 1534 1181 1600 vetando

193 1671 252 1735 Sed
282 1670 491 1755 unusquisque
521 1691 575 1755 per
604 1667 726 1753 aliquod
751 1675 872 1753 tempus
905 1669 999 1733 vitam
1021 1669 1085 1754 agit
1107 1674 1182 1733 tam·

190 1826 280 1889 quam
315 1804 401 1868 nulla
434 1804 462 1868 ei
496 1803 536 1867 sit
569 1803 635 1881 lex,
670 1802 768 1887 prima
799 1801 929 1886 pueritia
958 1802 1023 1865 eius
1042 1800 1184 1866 mandata

188 1938 337 2023 negligit,
369 1937 407 2002 de
437 1958 617 2020 unoquoque
643 1934 723 1999 valet
750 1933 831 2019 quod
857 1933 971 1999 Paulus
994 1933 1031 1999 de
1060 1957 1091 1998 se
1118 1935 1183 2021 ipse

190 2070 317 2136 affirmat
330 2097 336 2135 :
373 2071 435 2151 ἐγὼ
460 2070 494 2135 δὲ
513 2070 594 2146 ἵζων
609 2072 703 2155 χωρὶς
718 2074 818 2151 νόμον
831 2068 910 2132 ποτέ
925 2069 1101 2153 (Rom.le
1115 2097 1122 2135 :
1137 2072 1181 2155 9).

190 2203 254 2268 Lex
294 2202 416 2267 demum
457 2226 557 2267 veram
594 2202 709 2288 peccati
744 2200 959 2266 conscientiam
992 2201 1026 2265 in
1061 2202 1183 2267 homine

190 2336 317 2416 excitat,
346 2343 413 2400 tum
435 2342 574 2400 naturam
595 2337 660 2400 eius
692 2335 864 2420 cognoscit,
894 2335 1025 2422 percipit
1046 2334 1121 2420 qnid
1144 2335 1185 2399 sit

190 2478 210 2553 η’
233 2470 397 2554 ἁμαρτία,
422 2468 504 2553 quod
526 2468 718 2553 caeteroquin
741 2491 811 2532 euru
829 2468 954 2547 lateret,
970 2474 1006 2531 ut
1017 2468 1182 2554 Apostolus

191 2598 229 2664 de
251 2621 282 2664 se
304 2599 370 2687 ipse
393 2598 487 2666 dicit:
524 2606 583 2684 τὴν
606 2601 856 2685 ἁμαρτίανωιίκ
881 2602 985 2682 ἔγνων
1011 2602 1038 2663 εἰ
1060 2605 1102 2683 μὴ
1129 2598 1183 2664 διὰ

191 2737 292 2814 νόμον
324 2733 379 2816 (va.
406 2735 436 2818 7)
447 2782 457 2811 ,
481 2730 593 2816 quibua
615 2730 714 2795 verbis
736 2731 839 2811 addit,
864 2731 945 2816 quod
968 2731 1065 2796 maius
1088 2731 1180 2796 etiam

191 2870 257 2929 est:
293 2874 352 2950 τὴν
384 2891 417 2929 τι
448 2870 509 2952 γὰρ
534 2867 716 2950 ἐπιθυμίαν
742 2867 799 2931 οὐκ
822 2866 913 2952 ᾔδειν
933 2867 983 2950 l),
1007 2871 1038 2929 et
1062 2887 1184 2951 pravam

192 2998 283 3062 etiam
307 2997 504 3085 cupiditatem
523 2998 687 3077 nescirem,
713 3003 740 3062 εἰ
754 3005 797 3082 μὴ
810 3001 828 3062 ό
841 3003 936 3082 νόμος
951 2996 1082 3079 ἔλεγεν·
1105 3000 1183 3077 γοὺν

193 3135 403 3214 ἐπιθυμήσεις
412 3130 444 3210 ,”
474 3152 550 3216 quae
573 3131 671 3219 prima
693 3129 784 3195 verba·
805 3130 916 3195 decimi
937 3131 1091 3218 praecepti
1115 3153 1185 3196 eum

194 3261 231 3326 ab
253 3263 336 3327 omni
358 3286 449 3350 prava
471 3263 638 3350 eupiditate
660 3269 793 3329 avertere
815 3262 974 3328 debebant.
1010 3264 1060 3327 Sic
1082 3287 1183 3329 veram

193 3396 308 3483 peceati
343 3397 548 3482 cognitionem
581 3397 631 3461 lex
664 3396 787 3463 demum
821 3396 960 3483 praebet,
995 3398 1049 3463 διὰ
1084 3404 1183 3481 νόμον

194 3532 365 3610 ἐπίγνωσις
388 3531 551 3614 ἁμαρτίας
577 3532 675 3616 (Rom.
695 3531 749 3594 HI
767 3558 774 3595 :
793 3533 846 3614 20)
856 3579 866 3609 ,
882 3552 1010 3615 quorum
1026 3529 1185 3595 verborum

192 3661 274 3726 idem
307 3660 395 3726 nobis
418 3683 523 3725 sensus
547 3685 610 3727 esse
631 3661 751 3726 videtur
773 3685 808 3726 ac
830 3662 1076 3749 praecedentium
1083 3693 1093 3744 ;
1109 3687 1180 3748 qua·

192 3802 313 3883 propter
337 3799 511 3877 ἐπίγνωσιν
535 3797 661 3861 minime
685 3818 755 3860 cum
770 3796 1019 3861 Bretschneidero
1038 3797 1183 3861 vertimus

210 4063 382 4074 ——n-——u

236 4240 262 4318 1)
283 4238 438 4314 Heugelins
467 4238 507 4296 ita
534 4238 683 4327 distinguit
712 4245 793 4320 ἔγνων
825 4246 853 4299 et
883 4240 972 4325 ᾔδειν,
1002 4245 1034 4298 ut
1065 4239 1184 4298 alterum

134 4408 140 4414 ,
191 4345 330 4423 significet
350 4348 540 4423 cognitionem
561 4349 663 4407 mentis
684 4348 840 4408 actionibus
862 4348 1042 4428 acquisitam,
1064 4348 1183 4406 alterum

191 4453 320 4514 notitiam
341 4454 456 4514 aliunde
476 4463 628 4533 acceptam.

1050 4557 1069 4621 3
