3025 5275
794 656 835 721 58

320 845 353 911 in
375 845 469 912 vitam
491 846 631 913 reditum.
677 847 834 915 Praeterea
855 851 967 920 refutat
989 858 1209 938 argumentum,
1227 850 1308 937 quod

319 979 392 1046 lruie
429 981 581 1046 doctrinae
611 981 811 1068 opponebant.
857 986 975 1065 Hom0,
1012 992 1046 1050 ut
1079 984 1216 1065 aiebant,
1251 985 1307 1050 im·

319 1115 495 1180 mortalitati
523 1138 585 1180 non
614 1121 712 1202 potest
743 1140 807 1182 esse
838 1118 1023 1185 destinatus:
1056 1119 1204 1205 quomodo
1226 1119 1308 1185 enim

320 1250 389 1337 quis
411 1249 470 1315 sibi
492 1273 599 1337 eorpus
620 1253 747 1336 fingeret
768 1272 828 1334 quo
850 1250 884 1314 in
906 1251 1000 1316 vitam
1018 1251 1149 1316 rediret?
1170 1252 1225 1336 (rs.
1240 1254 1306 1339 35).

320 1383 371 1448 Ad
387 1384 445 1448 hoc
465 1390 697 1470 argumentum,
714 1384 796 1469 quod
811 1385 839 1449 ei
856 1384 985 1449 stultum
1003 1383 1159 1449 videbatur
1167 1435 1176 1465 ,
1193 1385 1306 1450 Paulus

319 1517 478 1603 respondet
506 1518 639 1604 imagine
671 1519 767 1605 petita
800 1541 816 1583 0
846 1541 946 1583 rerum
980 1524 1106 1598 natura,
1140 1519 1306 1604 unicuique

317 1649 424 1716 obvia:
474 1651 584 1716 seritur
628 1674 756 1737 granmn
803 1651 1021 1735 cuiuscumque
1065 1651 1227 1731 frumenti,
1270 1674 1306 1715 err

318 1804 395 1867 quo,
429 1790 588 1870 postquam
623 1784 804 1850 dissolutum
839 1790 901 1864 est,
925 1785 1026 1873 prodit
1058 1785 1193 1864 culmus,
1216 1807 1307 1870 quem

318 1916 401 1981 Deus
424 1917 451 1982 ei
473 1918 543 1983 dare
565 1918 659 1983 solet:
692 1918 735 1982 sic
751 1918 849 1984 etiam
871 1940 996 2005 000000,
1021 1940 1080 2004 quo
1102 1918 1159 1983 hae
1180 1918 1214 1983 in
1229 1924 1308 1982 terra

319 2050 419 2116 induti
454 2075 575 2132 sumus,
610 2054 755 2132 moritur,
791 2051 871 2137 qnod
893 2053 1094 2117 necessarium
1118 2058 1166 2117 est
1189 2057 1224 2115 ut
1247 2051 1307 2116 alio

317 2182 482 2249 immortali
517 2208 637 2271 corpore
671 2186 705 2249 in
738 2186 834 2250 vitam
867 2186 1024 2251 redeamus
1059 2188 1114 2271 (vs.
1148 2187 1304 2270 36-38).

318 2315 360 2380 Et
390 2317 439 2380 cui
461 2318 519 2382 hoc
541 2319 653 2383 mirum
675 2317 811 2398 videtur,
835 2318 983 2403 quomodo
1006 2341 1022 2382 e
1045 2318 1164 2383 mortali
1187 2338 1307 2403 corpore

318 2448 486 2515 immortale
518 2451 659 2538 prodeat,
693 2450 831 2516 attendat
860 2456 1008 2536 quantum
1041 2449 1135 2515 altera
1169 2472 1236 2515 caro
1268 2447 1305 2513 ab

318 2583 425 2664 altera,
455 2606 576 2672 corpora
597 2584 748 2651 terrestria
771 2608 789 2650 a
811 2582 990 2650 coelestibus
1014 2584 1139 2649 ethaeo
1162 2583 1243 2648 inter
1271 2604 1302 2648 00

318 2717 457 2783 differant
471 2720 637 2804 (aa-41),
650 2710 750 2803 neque
759 2719 890 2806 amplius
901 2719 1028 2783 miretur
1039 2719 1141 2783 Deum
1151 2717 1306 2783 hominem

317 2850 412 2916 altero
435 2873 554 2938 corpore
576 2850 700 2916 induere
722 2873 809 2938 posse
835 2852 932 2917 multo
948 2851 1128 2931 excelsiore,
1142 2873 1233 2936 quarn
1247 2873 1306 2935 quo

317 2985 350 3050 in
372 2986 429 3051 hac
450 2991 528 3049 terra
555 2982 705 3050 utebatur.

361 3118 406 3181 Ut
426 3117 515 3182 homo
536 3106 602 3180 hac
614 3115 648 3179 in
670 3115 732 3180 vita
748 3116 966 3204 corruptionis,
983 3116 1153 3196 dedecoris,
1170 3114 1305 3181 imbecil-

317 3251 414 3316 litatis
436 3258 482 3316 est
503 3251 669 3337 particeps,
694 3252 737 3317 sic
755 3253 951 3318 resuscitatur
968 3252 1167 3339 corruptionis
1183 3274 1305 3339 expers,

273 3476 275 3479 v
317 3385 446 3470 gloriae,
469 3384 625 3470 potestatis
647 3384 815 3470 particeps3
839 3382 930 3447 habet
944 3382 996 3447 hic
1019 3404 1127 3468 corpus
1144 3380 1306 3469 ψυχικόν,

317 3516 361 3581 ibi
387 3522 490 3580 utetur
512 3537 633 3602 corpore
654 3524 866 3599 πνεοματιιιῲ
889 3517 942 3599 (rs.
968 3517 1132 3601 42-45)2
1155 3537 1227 3578 nam
1249 3514 1307 3578 hac

317 3649 351 3726 in
374 3656 452 3713 terra
475 3648 639 3732 imaginem
662 3646 735 3710 tulit
755 3646 926 3726 terrestris,
949 3646 983 3710 in
1005 3647 1098 3710 altera
1117 3646 1181 3710 rita
1200 3646 1307 3710 coeles-

317 3783 358 3846 tis
395 3781 559 3866 imaginem
597 3780 672 3844 feret
711 3782 766 3865 (vs.
806 3781 872 3864 49).
919 3779 987 3844 Hoc
1024 3785 1161 3843 nostrum
1200 3801 1307 3865 corpus

318 3914 486 4000 φθαρτόν,
516 3912 642 3998 θνητόν
676 3914 731 3997 (vs
756 3915 816 3990 53,
842 3914 915 3997 54),
943 3912 1017 3975 haec
1039 3918 1142 3975 nostra
1165 3914 1306 3992 ἐπίγειος

317 4051 406 4114 οἰκία
441 4054 496 4112 τοῦ
531 4055 669 4129 σκήνους
699 4044 822 4130 (2001.
847 4045 875 4106 V
901 4072 907 4108 :
934 4046 984 4128 1),
1009 4045 1174 4108 tentorium
1196 4043 1305 4122 hocce,

316 4181 398 4266 quod
420 4178 508 4244 facile
530 4179 665 4258 tollitur,
689 4176 742 4240 alii
765 4176 900 4240 aedificio
923 4177 1087 4262 opponitur
1108 4199 1126 4241 a
1151 4176 1215 4241 Deo
1238 4198 1306 4240 con-

317 4313 410 4392 fecto,
434 4314 669 4398 ἀχειροποιήτῳ
675 4361 684 4390 ,
710 4313 832 4394 αἰωνίῳ
850 4313 884 4375 ἐν
900 4318 966 4384 τοῖς
980 4310 1152 4394 οὐρανοῒς;
1167 4330 1261 4393 quum
1272 4309 1307 4373 in

317 4446 409 4515 altero
432 4467 537 4515 surnus
562 4445 820 4535 (ἐνδημοῦντες),
844 4443 949 4537 procu]
969 4443 1065 4509 aDeo
1081 4444 1308 4539 peregrinamur
