3025 5275
813 709 854 774 50

440 829 457 870 e

342 909 373 966 ct
405 902 531 989 proinde
564 902 655 967 etiam
687 909 883 967 morerentur.
931 902 1190 984 Quemadmodum
1217 902 1332 969 Christi

338 1039 505 1121 δικαίωμα
542 1037 581 1100 iis
615 1042 735 1101 tautum
773 1043 816 1113 εἷς
852 1037 1022 1102 δικαίωσιν
1060 1036 1139 1118 ζωῆς
1178 1041 1239 1114 est,
1278 1034 1332 1119 qui

342 1171 431 1236 fidem
453 1171 486 1235 in
510 1193 579 1235 eum
600 1169 732 1249 habent,
756 1169 800 1233 sic
824 1170 915 1234 etiam
942 1168 1033 1255 primi
1049 1168 1160 1232 Adami
1175 1172 1331 1254 peccatum

341 1311 468 1369 mortem
492 1305 583 1369 efficit
601 1327 721 1383 corum,
745 1302 800 1386 qui
824 1301 884 1389 ipsi
899 1306 1114 1388 peccaverunt,
1131 1300 1183 1365 sed
1197 1300 1331 1387 ipsorum

341 1443 463 1522 peccato
484 1460 587 1501 ansam
613 1436 697 1501 dedit
719 1444 740 1518 ἡ
762 1437 908 1520 ἁμαρτία
931 1434 1073 1520 parentis.

386 1573 432 1633 Τὸ
465 1570 562 1654 κρίμα
599 1570 631 1645 ἐξ
664 1572 735 1643 ἑνὸς
769 1567 802 1650 (i.
827 1590 853 1631 e.
881 1569 1139 1654 ἁμαρτήσαντος)
1165 1571 1209 1641 εἷς
1235 1576 1331 1630 κατά-

344 1728 441 1787 κριμα
467 1703 521 1786 (vs.
554 1703 625 1786 16),
658 1701 703 1766 δι’
735 1707 807 1779 ἑνὸς
837 1707 1102 1788 παραπτώματος
1135 1706 1179 1777 εἷς
1203 1707 1330 1776 πάντας

343 1835 541 1920 ἀνθρώπους
573 1838 616 1908 εἷς
644 1840 828 1917 κατάκριμα
855 1835 910 1918 (vs,
936 1836 1001 1918 18).
1047 1834 1087 1898 Iu
1113 1839 1240 1917 utraque
1266 1854 1331 1896 sen-

340 1968 437 2032 tentia
470 1966 730 2054 simplicissimum
764 1964 852 2030 nobis
886 1966 1006 2030 videtur
1043 1965 1224 2031 vocabulum
1263 1968 1330 2031 ἐστί

340 2100 487 2187 supplere.
535 2099 603 2164 Hoc
643 2099 739 2184 igitur
775 2097 834 2163 sibi
875 2099 943 2163 vult
990 2100 1172 2186 Apostolus,
1213 2099 1328 2163 factum

340 2254 403 2296 esse
433 2255 493 2297 uno
522 2238 693 2320 peccatore,
724 2234 816 2297 unius
850 2240 972 2320 peccato
1006 2239 1042 2297 ut
1076 2233 1226 2298 iudicium
1247 2235 1330 2298 fieret

340 2365 543 2430 condemnans
568 2366 617 2430 'dc
654 2367 795 2433 omnibus
833 2369 890 2449 iis,
925 2370 996 2454 qui,
1039 2375 1074 2434 ut
1113 2369 1186 2449 ille,
1227 2391 1330 2457 pecca-

341 2506 451 2564 verant.

385 2639 450 2700 Λιά
480 2642 535 2718 τῆς
566 2646 733 2720 παρακοῆς
761 2642 816 2700 τοῦ
840 2640 911 2713 ἑνὸς
935 2635 1117 2721 ἀνθρώπου
1140 2631 1328 2719 ἁμαρτωλοὶ

341 2773 589 2852 κατεστάθησαν
633 2772 665 2832 οἱ
706 2768 822 2835 πολλοὶ
865 2772 921 2854 (vs,
958 2771 1031 2854 19),
1067 2769 1158 2833 unius
1196 2768 1329 2833 hominis

339 2899 544 2966 inobedientia
584 2902 675 2967 multi
716 2909 886 2989 peccatores
932 2902 1090 2967 const'tuti
1131 2908 1221 2981 sunt,
1260 2901 1332 2986 quia

339 3033 400 3120 ipsi
434 3034 526 3099 etiam
559 3041 768 3122 peccaverunt.
814 3035 923 3100 Paucis
957 3036 1126 3100 doctrinam
1160 3034 1249 3101 Pauli
1284 3034 1328 3099 sic

339 3189 502 3254 proponere
530 3168 623 3233 licet:
659 3177 705 3233 cst
732 3175 850 3233 arctum
873 3168 1031 3233 vinculum
1054 3168 1135 3232 inter
1157 3190 1252 3254 genus
1273 3168 1329 3232 hu·
1379 3146 1383 3151 .

339 3321 463 3363 manum
487 3306 518 3364 ct
539 3301 672 3386 primum
694 3309 866 3388 parentem,
884 3309 919 3367 ut
933 3303 1013 3367 inter
1027 3301 1160 3367 membra
1175 3310 1206 3366 et
1221 3306 1312 3389 caput
1319 3330 1329 3383 3

339 3433 396 3497 hoc
418 3441 578 3520 peccante,
600 3442 758 3521 peccatum
779 3437 813 3501 in
832 3437 933 3501 omnia
955 3435 1089 3502 membra
1108 3434 1247 3516 transiit,
1264 3435 1329 3500 eius

339 3575 513 3655 peceatum,
541 3568 793 3654 quemadmodum
813 3571 955 3650 illorum,
978 3593 1058 3636 mors
1074 3577 1104 3635 et
1120 3569 1330 3634 condemnatio

339 3707 458 3773 secutae
480 3707 561 3765 sunt.
607 3702 758 3786 Regnavit
776 3710 949 3790 peccatum,
966 3704 1009 3767 ita
1024 3710 1059 3767 ut
1074 3725 1153 3768 mors
1169 3708 1329 3767 consecuta

340 3835 380 3899 sit
405 3837 459 3920 (vs.
475 3836 539 3920 21).
563 3837 699 3921 Apparet
709 3836 815 3921 igitur,
828 3837 957 3901 Paulum
973 3859 1070 3922 neque
1085 3837 1221 3901 docuisse
1233 3858 1330 3921 genus

338 3968 506 4031 humanum
535 3989 672 4053 peccasse
702 3973 823 4032 tantum
845 3968 883 4032 ad
906 3970 1077 4056 exemplum
1099 3967 1229 4048 Adami,
1253 3989 1330 4052 quac

339 4109 385 4165 est
414 4100 532 4185 Pelagii
559 4100 709 4165 sententia
715 4151 725 4180 ,
753 4123 868 4186 neque,
892 4108 928 4166 ut
948 4100 1096 4167 iudicavit
1117 4100 1329 4186 AugustinuS‚

337 4232 474 4296 homines
503 4231 594 4296 morti
624 4230 775 4296 subiectos
804 4232 914 4312 fuisse,
943 4232 981 4297 ob
1005 4232 1137 4320 parentis
1159 4237 1328 4318 peccatum.

383 4364 441 4429 Sed
453 4386 521 4457 non
542 4364 599 4428 hac
621 4364 711 4428 unice
722 4365 838 4430 ratione
850 4365 1016 4453 Apostolus
1027 4364 1185 4429 vinculum
1196 4363 1331 4429 ostendit

338 4498 418 4563 inter
451 4497 583 4584 primum
615 4498 769 4563 hominem
793 4504 824 4561 ct
847 4497 913 4562 eius
936 4502 1091 4584 posteros:
1125 4519 1187 4562 uon
1207 4502 1329 4562 tantum
