3025 5275
802 661 843 723 18

329 850 545 935 ἀντιμισθίαν
557 903 566 934 ,
592 857 633 935 ἣν
657 833 723 917 ἔδει
735 904 744 935 ,
770 860 826 935 τῆς
849 851 976 937 πλάνης
1000 856 1108 919 αὑτῶν
1130 856 1164 919 ἓν
1185 858 1314 929 ἑαυτοῖς

327 982 561 1072 ἀπελάμβανον
597 1006 621 1048 s.
657 985 716 1063 27,
751 983 831 1048 nihil
854 982 1042 1070 accipiebant
1064 984 1125 1049 nisi
1147 984 1316 1050 mercedem

328 1140 398 1182 suae
419 1115 595 1182 defectionis
616 1116 650 1180 in
673 1138 704 1180 se
720 1115 810 1202 ipsis.
857 1116 941 1180 Nam
964 1122 1048 1181 erant
1071 1119 1261 1199 ἐπιγνόντες
1278 1121 1314 1181 τὸ

328 1251 488 1335 δικαίωμα
520 1257 575 1316 τοῦ
608 1241 706 1329 Θεοῦ,
738 1248 892 1314 decretum
934 1248 992 1313 Dei
1014 1249 1080 1335 ipsa
1101 1255 1226 1314 naturae
1247 1250 1316 1335 lege

327 1383 367 1447 iis
385 1389 449 1448 erat
470 1389 591 1463 notum,
614 1382 694 1447 illud
716 1404 841 1469 nempe:
865 1385 915 1447 ὅτι
940 1385 972 1447 οἱ
995 1388 1132 1447 τοιαῦτα
1156 1388 1315 1468 πράσσον-

327 1543 377 1593 τες
406 1519 498 1595 ἄξιοι·
526 1523 676 1583 θανάτου
708 1522 807 1596 εἰσιν,
838 1516 912 1580 haec
935 1522 966 1579 ct
989 1516 1102 1581 similia
1124 1518 1314 1603 perficientes

326 1656 423 1714 morte
445 1672 509 1714 esse
532 1650 640 1735 dignos
659 1673 703 1714 vs.
718 1652 771 1713 32.
795 1648 901 1712 Varias
913 1647 951 1712 dc
963 1648 1044 1713 vocis
1057 1655 1208 1715 θανάτου
1221 1649 1315 1735 signi·

326 1784 465 1848 ficatione
495 1784 659 1865 sententias
692 1781 797 1847 attulit
819 1781 990 1866 Hengelius
1008 1783 1051 1867 1).
1099 1781 1192 1845 Recte
1214 1788 1316 1847 autem

327 1917 468 1982 Grotius:
502 1924 595 1997 pssunt
625 1916 772 2001 quaedam
796 1914 940 1995 crimina,
964 1937 1040 1999 quae
1058 1921 1185 1980 mortem
1207 1917 1316 1981 mereri

326 2072 487 2115 consensus
523 2050 683 2115 hominum
712 2054 851 2113 testatur.
909 2048 994 2112 Talia
1028 2055 1101 2113 sunt
1132 2049 1314 2130 homicidia,

325 2183 473 2248 adulteria
502 2190 533 2247 et
562 2184 638 2248 aliae
665 2182 767 2247 foedae
793 2181 938 2247 libidines
965 2181 1003 2246 ad
1034 2204 1108 2267 quas
1130 2181 1204 2246 haec
1226 2181 1316 2247 verba

325 2315 524 2403 respiciunt.'’
571 2316 762 2401 Quamquam
792 2321 900 2380 autem'
927 2314 1025 2400 primo
1058 2314 1125 2378 loco
1160 2313 1198 2378 de
1220 2321 1317 2379 morte

325 2447 456 2512 naturali
497 2447 680 2531 cogitamine,
723 2467 843 2511 omnem
883 2451 985 2509 tamen
1020 2445 1174 2510 notionem
1209 2445 1316 2511 mortis

326 2580 492 2669 spiritualis
532 2580 583 2646 hic
623 2579 841 2645 excludendam
880 2600 960 2658 esse,
996 2578 1048 2643 vix
1085 2578 1231 2645 affirmare
1265 2601 1316 2645 au-

235 2702 239 2709 ’
327 2713 432 2778 simus.

369 2846 429 2911 His
451 2845 547 2932 igitur
564 2845 700 2911 fontibus
723 2851 860 2926 utentes,
884 2847 998 2912 Gentes
1010 2855 1094 2913 erant
1110 2855 1243 2932 γνόντες
1257 2853 1313 2916 τὸν

327 2984 426 3059 Θεὸν,
450 2981 537 3045 Rom.
560 2980 674 3044 1:21.
705 2978 784 3044 Cum
795 2979 852 3043 hoc
863 2979 929 3044 loco
940 2980 1019 3045 illud
1030 3003 1165 3067 pugnare
1176 2981 1313 3060 videtur,

326 3112 407 3197 quod
429 3113 543 3177 Paulus
563 3111 600 3177 de
622 3111 739 3177 Galatis
763 3111 886 3192 scribit,
913 3120 1076 3199 antequam
1098 3113 1136 3179 ad
1159 3113 1314 3179 Christum

325 3252 537 3332 pervenerant,
560 3245 607 3310 IV
632 3272 638 3309 ε
665 3248 705 3311 8;
741 3251 813 3310 τότε
838 3247 895 3311 οὐκ
921 3246 1041 3323 deora
1066 3251 1147 3314 Θεὸν
1166 3250 1209 3333 2).
1255 3246 1314 3311 Sed

325 3378 633 3458 animadvertendum,
645 3378 828 3475 Apostolum
842 3384 944 3444 nostro
955 3379 1021 3444 loco
1032 3379 1159 3445 minime
1170 3380 1315 3445 affirmare

325 3533 428 3576 omnes
462 3511 576 3576 Gentes
609 3512 687 3575 hanc
720 3511 779 3576 Dei
814 3512 1018 3598 cognitionem
1052 3488 1237 3599 percepisse,
1261 3513 1315 3577 sed

323 3650 457 3724 tantum,
483 3643 554 3733 quia¹
578 3647 613 3709 τὸ
637 3647 781 3726 γνωστὸν
807 3651 861 3709 τοῦ
887 3647 967 3711 Θεοῦ
985 3644 1019 3708 in
1034 3644 1073 3709 iis
1085 3651 1148 3710 erat
1159 3651 1312 3733 φανερόν,

324 3777 393 3841 illas
416 3765 535 3861 quodue
557 3799 627 3840 eum
650 3795 828 3860 cognoscere
849 3775 994 3861 potuisse.

320 4046 493 4057 μ--ι--ι-

366 4225 378 4280 1
413 4222 430 4280 1.
453 4222 472 4282 1.
515 4241 558 4298 ag.
585 4227 649 4281 roa.

364 4221 396 4405 2i
418 4331 474 4391 Csr.
494 4241 513 4390 Ii
535 4332 633 4391 Thess
654 4335 692 4391 4:
711 4335 743 4402 5,
768 4329 817 4390 ubi
838 4335 872 4393 τὰ
892 4336 956 4399 ἔθνη
979 4332 1112 4392 dicuntur
1132 4339 1166 4396 τὰ
1179 4341 1215 4416 μὴ
1227 4338 1318 4397 εἰδότα

322 4444 385 4502 Θιόν
408 4445 435 4498 et
458 4442 475 4497 2
501 4439 597 4500 Thess.
622 4442 637 4498 1
662 4465 669 4499 z
692 4443 718 4500 8.
1091 4428 1107 4457 ⁸
