3025 5275
792 660 833 723 28

319 852 511 918 tabernaculo
541 858 571 917 et
596 851 710 939 templo
728 873 818 939 super
840 873 938 917 arcam
959 851 1096 917 foederis,
1144 852 1206 934 Qui
1228 852 1307 917 hanc

320 986 421 1064 δόξαν
463 987 672 1074 explicuerunt
712 987 796 1051 omni
841 987 937 1072 gloria
971 987 1152 1052 Iudaeorum
1187 987 1235 1053 vel
1269 987 1308 1052 dc

319 1119 416 1205 gloria
438 1129 493 1203 τῆς
518 1121 701 1198 οίοθιοίας,
726 1142 776 1184 eos
798 1126 879 1185 recte
905 1121 1046 1185 refutavit
1060 1121 1210 1207 Meyerus.
1256 1121 1306 1186 Se·

319 1257 455 1336 quuntur
488 1257 524 1318 αί
550 1251 729 1335 διαθῆκαι,
754 1275 809 1340 pro
833 1252 944 1337 quibus
968 1254 1181 1319 Lachmannus
1203 1255 1306 1320 minus

318 1389 399 1447 recte
429 1384 508 1471 legit
541 1391 600 1470 τὴν
633 1384 814 1470 διαθήκην,
850 1385 923 1470 quia
955 1385 1006 1449 hic
1037 1408 1098 1451 non
1121 1393 1243 1453 tantum
1268 1387 1307 1452 de

318 1515 451 1597 foedere,
483 1517 563 1601 quod
585 1518 668 1583 Deus
690 1540 761 1582 cum
786 1516 870 1583 blose
891 1518 982 1598 iniit,
1008 1542 1104 1584 sermo
1127 1527 1173 1585 est
1194 1520 1247 1586 sed
1270 1520 1308 1585 de

318 1649 459 1715 omnibus
481 1650 559 1731 illis,
583 1651 655 1715 inde
677 1649 715 1715 ab
738 1650 911 1716 Abrahamo
932 1650 1020 1716 initis
1037 1655 1079 1736 1).

362 1782 407 1847 Ut
428 1784 490 1848 iam
512 1785 632 1849 monuit
653 1783 818 1869 Origenes,
848 1788 1047 1861 „testamenta
1065 1785 1237 1868 frequenter
1248 1789 1307 1849 sta

316 1921 384 1981 tute
415 1924 504 1998 sunt,
537 1926 558 2002 ἡ
588 1919 767 2002 νομοθεσία
802 1923 906 1982 contra
941 1940 1001 1981 una
1032 1924 1064 1982 et
1086 1919 1178 1983 semel
1202 1917 1308 1984 habita

317 2072 385 2136 per·
400 2050 553 2134 Mosem;”
584 2074 638 2139 per
667 2073 732 2116 eam
761 2051 873 2138 populo
901 2050 1070 2116 Israelitico
1088 2051 1170 2116 varia
1191 2051 1305 2132 officia,

317 2187 381 2247 tam
414 2183 517 2248 civilia
550 2206 641 2269 quam
671 2183 813 2263 moralia,
841 2181 1129 2269 praescribebantur.
1183 2185 1307 2249 Huica

317 2320 402 2401 parte
432 2316 538 2402 populi
569 2284 768 2403 respondebat
801 2324 822 2400 η’
850 2314 1001 2402 λατρεία,
1024 2316 1101 2380 ratio
1124 2339 1183 2401 qua
1205 2318 1306 2382 Deum

317 2446 443 2514 colebat.

361 2581 514 2648 Ultimum
546 2582 648 2648 locum
684 2588 791 2647 tenent
821 2587 857 2648 αἱ
891 2580 1102 2665 ἐπαγγελίαι,
1142 2582 1304 2671 promissa,

318 2738 410 2800 quae,
445 2721 481 2781 ut
513 2716 556 2782 ait
588 2716 772 2795 Kbllnerus,
806 2715 844 2781 ab
878 2717 1030 2800 Hengelio
1063 2717 1190 2796 citatus,
1232 2740 1306 2805 'sper

316 2847 522 2928 PatriarchaS,
553 2850 671 2914 Mosem
700 2854 731 2913 et
751 2848 916 2935 Prophetas
939 2848 1008 2913 data
1031 2856 1102 2914 sunt
1125 2855 1155 2913 et
1177 2872 1306 2934 quorum

317 2981 571 3067 complementum
600 2981 712 3045 Messia
741 2987 862 3044 auctore
888 2987 1044 3067 acceptum
1069 2981 1109 3044 iri
1132 3004 1200 3068 spes
1218 2982 1303 3066 genti

317 3112 354 3178 ab
383 3114 509 3198 antiquo
537 3113 615 3177 facta
644 3112 721 3178 est.'’
770 3113 959 3200 Quapropter
991 3135 1054 3178 non
1083 3119 1204 3178 tantum
1235 3136 1304 3179 oum

318 3247 425 3312 Grotio
453 3247 599 3333 promissa
626 3252 744 3310 terrena
773 3245 977 3331 intelligimus
1002 3246 1044 3329 2).
1091 3246 1186 3311 Hisce
1207 3234 1305 3331 igitur

316 3376 469 3443 beneficiis
501 3377 625 3458 Iudaei,
661 3365 707 3444 ὧν
743 3382 775 3444 οἱ
808 3384 960 3464 πάτερις,
997 3378 1018 3442 i.
1054 3401 1079 3443 e.
1116 3380 1304 3466 patriarchae

315 3510 379 3590 illi,
410 3512 463 3597 qui
493 3534 546 3598 per
569 3511 779 3576 excellentiam
807 3518 906 3598 patres
929 3511 1089 3590 dicuntur,
1115 3534 1304 3596 quorumque

314 3666 351 3707 ex
392 3645 485 3731 stirpe
527 3649 591 3709 erat
631 3644 771 3709 Christus
812 3647 866 3730 (vs.
903 3648 953 3730 5),
988 3643 1254 3730 distinguebantur
1286 3669 1304 3710 a

317 3776 440 3841 caeteris
469 3776 607 3863 populis,
632 3799 815 3862 quamquam
837 3777 964 3841 minime
986 3777 1025 3841 iis
1050 3783 1134 3840 erant
1157 3778 1303 3843 excellen-

311 3992 497 4004 n———a—

357 4117 386 4190 1)
407 4114 462 4174 cfr.
485 4114 548 4174 Gal.
570 4118 614 4174 t:
638 4118 691 4182 al,
713 4115 761 4174 ubi
774 4121 821 4178 δύο
833 4122 964 4183 διαθῆκαι
975 4122 1174 4187 memorantur,
1185 4138 1303 4197 querum

313 4222 401 4281 altera
422 4229 457 4292 εἰς
477 4228 616 4296 δουλείαν,
639 4223 726 4282 altera
746 4231 782 4294 εἰς
802 4230 962 4305 ἐλευθερίαν,

357 4328 386 4411 2)
407 4344 463 4397 Τῶν
498 4336 634 4397 διαθηκῶν
669 4330 774 4390 Gentes
810 4331 942 4389 (licuntur
976 4338 1043 4403 ξένοι
1077 4331 1149 4409 Ερίι.
1187 4336 1301 4392 2:12.

313 4437 413 4524 Neque
434 4436 495 4497 Gal.
518 4440 535 4497 3
559 4463 566 4496 ι
588 4439 625 4501 16
647 4443 676 4503 αἱ
695 4444 850 4525 ἐπαγγελίαι
868 4438 921 4503 hoe
934 4458 1019 4501 sensu
1033 4444 1098 4500 sunt
1112 4440 1303 4523 explicandae.
