3025 5275
685 637 705 704 3

200 827 308 894 Minus
337 827 418 892 inter
439 849 471 891 se
494 827 666 913 discrepant
688 827 778 891 Doot.
802 827 873 892 Pelt
885 830 916 913 1)
941 834 971 892 et
993 828 1126 918 Kienlen
1139 832 1189 914 2),

14 1009 16 1018 ,
125 1045 132 1068 ¹
200 960 255 1044 qui
289 959 520 1045 Apologeticam
553 967 662 1024 vocant
696 959 864 1024 doctrinam
897 961 1048 1047 ipsorum,
1079 961 1191 1047 quibus

199 1099 267 1157 tum
290 1092 426 1157 doctrina
448 1098 515 1157 tum
537 1093 601 1157 wita
623 1091 787 1157 christiana
809 1093 937 1172 nititur,
961 1094 1190 1180 principiorum.

200 1225 240 1290 In
273 1225 370 1311 patria
401 1232 503 1290 nostra
538 1224 666 1290 Clarisse
686 1227 716 1310 3)
754 1247 820 1289 eam
857 1226 901 1289 sic
931 1225 1036 1290 definit
1066 1233 1102 1291 ut
1135 1227 1191 1291 sit:

202 1358 438 1436 ‘'demonstratio
476 1365 506 1422 et
540 1357 673 1423 defensio
703 1358 861 1444 religionis
892 1358 1074 1423 christianae
1095 1358 1191 1423 veluti

200 1491 235 1555 in
264 1490 407 1578 scientiae
436 1490 560 1555 formam
590 1490 740 1555 redacta.''
774 1489 833 1554 Oll.
862 1490 1008 1555 Hofstede
1035 1491 1072 1555 de
1099 1491 1194 1556 Groot

201 1631 232 1690 et
250 1624 408 1708 Pareaudl
430 1623 566 1688 iudicant
585 1646 651 1688 eam
674 1646 754 1688 esse:
786 1623 1017 1710 „philosopham
1035 1623 1194 1708 religionis

202 1758 383 1822 christianae
412 1756 612 1842 praestantiae
642 1755 871 1841 indagationem
902 1761 932 1819 et
959 1754 1194 1842 expositionem,

203 1890 356 1974 huiusque
386 1895 501 1975 partem
525 1888 648 1974 quidem
672 1911 754 1969 esse,
779 1888 832 1953 sed
854 1888 942 1953 modo
964 1888 1194 1974 ignobiliorem,

204 2021 440 2088 defensionem.'’

249 2157 279 2220 A
306 2155 406 2220 Peltio
437 2177 499 2219 non
532 2176 715 2242 magnopere
746 2154 888 2219 dissentit
918 2155 1067 2264 sententia
1106 2156 1195 2220 Doct.

205 2313 264 2354 van
294 2289 451 2355 Oosterzee
472 2292 515 2374 5).
561 2288 642 2353 Clar.
674 2288 793 2352 Doedes
806 2290 837 2373 6)
862 2288 920 2353 hoc
941 2293 1063 2352 tantum
1084 2288 1196 2374 Apolo-

212 2534 384 2542 ffi-

248 2699 275 2778 1)
298 2699 364 2770 „Sic
388 2698 425 2757 ist
446 2697 493 2756 die
515 2697 718 2757 Wissenschast
739 2717 794 2756 ron
815 2697 870 2756 den
891 2697 995 2756 letzten
1015 2697 1201 2774 Grundlogen

204 2806 254 2864 des
286 2807 511 2865 Christeothums
543 2807 584 2865 als
615 2805 706 2864 Lehre
728 2805 787 2864 und
809 2805 919 2875 Leben,
945 2805 1006 2863 eine
1029 2805 1201 2881 allgemeine

204 2913 395 2990 theologisohe
417 2911 683 2989 Principienlehre.”
736 2914 1044 2988 Theotnncyclopadie,
1057 2931 1112 2989 pag
1133 2911 1201 2973 377.

247 3026 276 3099 2)
300 3022 372 3093 „Die
409 3022 610 3080 Wissensohaft
630 3039 685 3078 von
713 3020 764 3080 der
786 3020 967 3096 Ausstellung
987 3020 1047 3078 und
1074 3019 1202 3079 Verthei-

207 3130 313 3207 digung
344 3130 394 3189 der
421 3129 584 3206 Principien
604 3129 654 3187 der
674 3129 861 3205 allgameinen
882 3128 1072 3187 Christliohen
1093 3127 1201 3195 Labie,

206 3238 310 3296 welche
327 3237 408 3313 jeder
427 3237 492 3297 Ghr.
514 3236 619 3297 Kirohe
640 3257 704 3296 zum
729 3236 845 3296 Grunde
866 3236 948 3312 legen
973 3234 1114 3294 miissen.”
1147 3235 1202 3292 Die

206 3346 327 3422 Stellung
347 3345 396 3404 der
416 3346 530 3420 Apolog.
552 3347 581 3402 ia
602 3345 652 3402 deo
673 3346 753 3404 theol.
779 3346 1017 3422 Wesenackosten.
1043 3344 1121 3415 Stud.
1144 3344 1202 3401 und

206 3454 280 3513 Kric.
304 3456 381 3512 1846
404 3454 460 3521 IV,
483 3473 545 3529 pag.
572 3456 638 3512 903.

249 3561 277 3641 3)
298 3561 515 3638 Euryclopcedic
537 3561 702 3637 Theolopicc.
746 3559 798 3619 od.
820 3560 849 3618 ΙΙ
869 3579 932 3637 pag.
957 3563 1023 3618 222.

250 3672 280 3744 4)
306 3669 392 3744 Ocmp.
415 3669 509 3745 Dogm.
531 3673 558 3727 et
576 3670 689 3745 Apolop.
719 3668 780 3726 Otr.
824 3668 877 3727 Ed.
901 3668 989 3726 altera
1009 3670 1021 3743 l
1045 3653 1097 3727 lh

251 3782 278 3856 5)
299 3778 357 3852 „Zij
394 3777 418 3834 is
460 3776 494 3834 de
526 3778 702 3853 wetenschap
735 3797 787 3834 van
819 3775 855 3834 de
886 3776 977 3851 wijze,
1012 3792 1123 3852 waarop
1155 3775 1203 3833 het

208 3885 398 3945 christendom
427 3885 583 3962 werdedigd
605 3891 682 3944 moet
699 3885 812 3944 worden
834 3904 869 3942 en
890 3904 942 3942 van
965 3884 1000 3941 de
1022 3882 1200 3959 beginselen,

209 4011 350 4050 waarnaar
378 3991 425 4050 die
459 3990 643 4067 verdediging
671 3995 747 4049 moet
772 3989 886 4048 worden
906 3988 1054 4067 ingerigt.’'
1104 3990 1200 4049 Jaart.

209 4117 274 4158 acor
295 4102 352 4156 acet.
375 4098 464 4156 theol.
488 4099 582 4166 lact,
607 4116 672 4174 pag.
696 4100 742 4155 26.

253 4211 282 4283 6)
305 4207 385 4278 „Ons
423 4206 457 4281 zij
490 4205 526 4263 de
560 4204 746 4281 Apologetielr
778 4204 813 4261 dc
843 4202 951 4262 theoria
981 4222 1035 4260 van
1064 4202 1112 4261 het
1145 4222 1204 4262 ver·

211 4314 334 4390 dedigen
355 4314 405 4372 des
427 4313 640 4372 christendoms.
682 4312 721 4387 Zij
742 4318 817 4370 moet
837 4310 892 4385 zijn
912 4328 979 4368 eene
997 4310 1204 4387 wederlegging

212 4439 265 4479 van
286 4419 321 4495 de
342 4419 500 4490 bezwaren,
522 4416 705 4494 twijfelingen
725 4437 761 4475 cn
779 4414 1203 4493 tegenwerpingen‚waarmede
