3025 5275
673 683 721 750 163

205 877 271 941 eius
312 901 413 965 opera,
459 879 512 944 sed
559 880 666 961 fidem,
709 905 800 967 quam
844 882 910 947 Deo
954 882 1074 963 habuit,
1118 905 1194 969 quae

201 1012 272 1076 talis
306 1024 369 1078 erat
397 1019 432 1078 ut
466 1013 557 1078 etiam
582 1013 616 1078 in
643 1013 731 1079 rebus
759 1014 923 1102 desperatis
951 1037 1016 1080 eam
1044 1023 1190 1096 servaret,

202 1166 305 1229 eaque.
324 1148 431 1223 πίστις
458 1145 614 1230 ἐλογίσθη
645 1148 733 1232 αὐτῷ
763 1152 807 1223 εἷς
832 1148 1058 1232 δικαιοσύνην.
1107 1148 1192 1212 Hinc

202 1276 268 1358 illi,
303 1278 357 1363 qui
390 1283 424 1344 ἐκ
459 1282 594 1356 πίστεως
629 1287 717 1359 sunt,
753 1280 817 1345 veri
848 1279 1013 1346 Abrahami
1047 1280 1104 1345 filii
1130 1280 1191 1344 dici

203 1419 338 1499 possunt.

247 1546 287 1610 Et
310 1547 389 1611 haec
422 1568 490 1611 vera
520 1547 711 1632 δικαιοσύνη
745 1548 807 1612 iem
843 1555 906 1612 erat
940 1548 1187 1635 μαρτυρουμένη

203 1682 266 1745 ὑπὸ
297 1686 352 1745 τοῦ
384 1679 483 1763 νόμον
513 1685 567 1745 καὶ
593 1684 658 1747 τῶν
682 1683 859 1765 προφητῶν
885 1680 983 1765 (Rom.
1008 1680 1063 1746 ΠΙ
1086 1708 1093 1746 :
1119 1684 1192 1767 21);

203 1816 312 1891 πίστις
339 1814 376 1878 de
397 1814 565 1901 Prophetae
592 1814 741 1879 sententia
767 1814 858 1901 (Hab.
880 1815 916 1880 H
941 1842 948 1879 :
973 1817 1006 1900 4)
1030 1814 1109 1879 vitae
1132 1821 1194 1878 erat

204 1946 406 2034 principium,
442 1947 523 2032 quod
553 1945 660 2033 probat
690 1946 754 2011 eius
784 1946 918 2012 dictum:
949 1951 968 2011 ὁ
998 1948 1125 2025 δίκαιος
1158 1953 1192 2012 ἐκ

203 2082 339 2156 πίστεως
365 2080 492 2164 ζήσεται
519 2081 617 2164 (Rom.
641 2080 686 2145 I:
712 2082 778 2165 ll).
825 2080 864 2144 In
886 2081 944 2145 hac
955 2079 1044 2145 Pauli
1057 2080 1193 2146 doctrina

204 2211 242 2277 de
280 2214 471 2301 δικαιοσύνη
499 2217 581 2280 Θεοῦ
609 2213 693 2277 Deus
700 2263 709 2293 ,
741 2212 881 2278 Christus
913 2221 943 2279 et
976 2214 1065 2279 homo
1091 2214 1191 2278 locum

203 2353 317 2411 tenent.
342 2348 479 2412 Primum
501 2347 636 2432 quaestio
658 2354 704 2411 est
726 2346 764 2412 de
786 2353 906 2413 auctore
929 2347 1050 2427 salutis,
1074 2354 1141 2413 tum
1153 2348 1190 2412 de

204 2480 393 2561 conditione,
414 2503 474 2565 qua
492 2480 575 2545 Deus
593 2480 747 2546 hominem
762 2482 879 2547 iustum
901 2482 1049 2562 declarat,
1066 2482 1191 2547 tandem
1237 2563 1239 2568 ,

203 2614 309 2680 devia
331 2621 362 2679 et
384 2614 515 2695 ratione,
535 2637 595 2700 qua
617 2614 700 2680 Deus
723 2615 821 2680 utitur
843 2615 881 2681 ad
902 2616 981 2681 hanc
992 2614 1142 2682 iustitiam
1153 2616 1187 2681 in

202 2749 325 2814 homine
353 2749 548 2814 efficiendam.
595 2748 703 2834 Itaque
737 2749 815 2814 duce
840 2751 987 2836 Apostolo
1010 2751 1188 2836 singulatim
1307 2821 1310 2826 ,

202 2884 257 2949 has
278 2891 339 2949 tres
362 2890 462 2971 partes
484 2906 677 2970 exponemus.

659 3188 731 3271 si.

390 3435 435 3499 De
457 3434 521 3500 Dec
544 3432 718 3499 homiuibus
740 3433 852 3500 salutis
874 3445 1006 3501 auclore.

247 3684 276 3747 A
309 3682 367 3747 Dei
399 3689 505 3770 χάριτι
536 3680 696 3745 hominum
727 3681 855 3746 salutem
885 3703 949 3746 esse
979 3681 1188 3769 repetendam,

204 3820 342 3878 constans
365 3820 410 3878 est
432 3811 521 3877 Pauli
545 3812 690 3877 doctrina.
722 3811 798 3876 Eius
812 3812 906 3877 favori
920 3812 1073 3877 immerito
1089 3813 1190 3877 omnia

202 3946 281 4012 bona
313 3953 385 4011 sunt
417 3945 591 4026 tribuenda,
626 3968 703 4031 quae
736 3944 923 4032 accipimus,
957 3944 1037 4009 nihil
1072 3945 1191 4030 exigere

201 4101 378 4165 possumus,
425 4085 578 4164 tamquam
632 4077 716 4143 Deus
773 4076 862 4142 nobis
909 4075 1027 4162 aliquid
1074 4075 1189 4141 debeat.

202 4212 286 4276 Haec
315 4212 411 4296 igitur
442 4218 532 4300 χάρις
563 4210 698 4277 excludit
723 4210 825 4275 omnia
847 4211 945 4296 ἔργα,
969 4209 1080 4295 quibus
1102 4211 1192 4275 homo

201 4344 369 4409 mercedem
399 4344 511 4431 accipit
542 4349 627 4410 κατὰ
657 4341 817 4428 ὀφείλημα
857 4344 955 4427 (Rom.
978 4342 1010 4409 X
1034 4370 1041 4408 ε
1066 4342 1117 4431 6),
1145 4349 1191 4407 est

202 4485 358 4565 tamquam
387 4477 488 4565 δωρεά
520 4477 593 4565 (Vz
627 4476 703 4567 15),
737 4498 815 4563 quae
832 4474 927 4541 libere
949 4500 966 4541 a
988 4476 1053 4542 Deo
1073 4476 1191 4542 homini
