3025 5275
778 660 818 724 72

347 854 430 919 Deus
441 854 555 919 dieitur
567 855 664 940 (Rom.
677 853 762 919 XII:
776 855 807 940 3)
822 856 946 937 ἑκαστῷ
961 851 1103 936 μερίζειν
1120 854 1156 916 τὸ
1171 849 1289 937 μέτρον

303 996 361 1069 τῆς
396 990 542 1064 πίστεως.
594 987 635 1051 Et
667 1009 706 1050 ue
738 986 840 1073 plures
872 985 953 1050 locos
988 986 1116 1051 citemus
1140 987 1193 1070 1),
1221 984 1292 1049 fidei

302 1118 439 1197 indoles,
463 1117 583 1203 qualem
600 1117 714 1182 Paulus
725 1140 791 1181 eam
803 1116 862 1181 sibi
874 1117 1047 1204 proposuit,
1059 1123 1123 1181 iam
1133 1116 1291 1204 perspicue

301 1274 391 1317 omne
407 1252 567 1317 homiuum
588 1250 731 1315 meritum
754 1249 910 1329 excludit,
934 1256 969 1314 ut
980 1250 1039 1315 Dei
1050 1256 1170 1315 tantum
1183 1255 1290 1337 χάριτι

301 1385 386 1450 loeus
428 1384 568 1471 supersit.
614 1385 685 1471 Ipse
721 1382 836 1447 Paulus
873 1406 1040 1469 numquam
1078 1391 1138 1468 τὴν
1177 1386 1290 1449 πίστιν

303 1518 559 1636 ἀειῖιιὶνίῖ..Νωη
583 1516 695 1582 suffieit
717 1515 814 1601 igitur
833 1516 1031 1603 etymologiae
1045 1516 1137 1581 huius
1152 1514 1291 1581 vocabuli

302 1651 455 1715 notionem
478 1650 631 1737 explorare
651 1655 681 1713 et
698 1648 772 1713 iude
787 1649 901 1714 efficere
916 1649 1181 1735 significationem,
1200 1673 1291 1735 quam

303 1783 469 1872 Apostoius
492 1783 520 1848 ei
542 1782 708 1847 tribuerit?
754 1783 796 1847 Ea
819 1782 845 1847 si
867 1782 956 1848 nobis
981 1792 1105 1871 apparet
1126 1789 1290 1851 πιστεύειν

302 1919 421 2007 proprie
448 1924 569 1982 tantum
602 1916 791 2002 significare:
816 1919 959 1997 eredere,
982 1942 1040 2004 pro
1063 1942 1131 1984 aero
1162 1892 1290 1999 habere,

302 2057 459 2138 accipere,
492 2074 567 2116 num
597 2050 624 2115 ei
654 2056 722 2114 tum
748 2050 783 2114 in
805 2050 900 2115 nullis
926 2073 988 2116 uon
1011 2052 1192 2139 scriptorum
1213 2053 1291 2118 Pau-

301 2188 433 2253 linorum
455 2186 530 2251 locis
552 2187 630 2251 hanc
652 2191 773 2250 tentum
796 2185 949 2251 notionem
971 2187 1165 2253 tribuemus?
1197 2187 1290 2267 Sane,

303 2344 485 2407 quamquam
515 2319 552 2384 de
583 2319 792 2405 grammatices
819 2320 996 2386 auctoritate
1018 2321 1098 2385 nihil
1125 2321 1292 2407 quidquam

303 2456 472 2520 detractum
506 2453 662 2532 volumus,
697 2476 759 2517 non
785 2453 896 2518 suffieit
926 2476 960 2518 ea
988 2454 1027 2520 ad
1057 2455 1197 2522 intimam
1220 2455 1291 2520 sori-

286 2568 396 2675 ‚mis
414 2586 636 2673 persuasionem
648 2584 888 2670 cognoscendam
895 2613 905 2668 3
917 2586 1128 2674 psychologioe
1138 2587 1172 2652 in
1183 2587 1290 2675 primis

302 2721 336 2786 in
370 2721 435 2786 eius
470 2719 651 2785 sententiam
684 2719 901 2804 inquirendum
929 2727 974 2785 esi
986 2771 995 2801 ,
1023 2745 1110 2810 saepe
1134 2728 1291 2787 contextus

303 2853 392 2919 nobis
415 2852 495 2918 viam
518 2851 672 2930 ostendet,
697 2874 789 2936 quam
811 2852 958 2920 ineamus.

347 2989 436 3071 Quod
463 2987 501 3052 ad
522 2987 637 3052 sontem
660 2986 788 3066 attinet,
812 2987 892 3052 uude
911 2987 985 3053 fides
1007 2994 1127 3068 manat,
1144 2988 1292 3073 dicitius}

302 3124 410 3198 πίστις
434 3123 467 3198 ἐξ
491 3121 608 3202 ἀκοῆς,
635 3122 732 3205 (Rom.
757 3121 788 3186 X
814 3149 821 3186 :
848 3124 910 3203 173
935 3122 1148 3202 Gal.I:2,5
1173 3124 1289 3207 ήιίιιοὴ

303 3217 357 3339 τῆξ
378 3257 545 3339 πίστεως),
558 3254 579 3318 i.
593 3276 618 3318 e.
632 3260 668 3317 ut
680 3253 718 3317 ad
729 3253 820 3318 fidem
831 3254 1057 3341 perveniamus,
1070 3277 1145 3341 opus
1157 3263 1203 3320 est
1213 3278 1290 3320 uun·

300 3389 345 3453 tio
352 3439 361 3469 ,
383 3411 473 3473 quem
488 3387 639 3452 dicentem
654 3386 795 3451 audimus
802 3416 812 3468 3
828 3411 899 3453 nam
915 3410 1097 3473 quamquam
1112 3389 1204 3454 multi
1219 3389 1291 3453 huie

301 3544 387 3585 aures
409 3542 470 3584 non
492 3518 695 3607 praebuerunt
719 3520 774 3603 (vs.
800 3520 872 3603 16),
895 3520 959 3583 fieri
982 3526 1084 3585 tamen
1109 3542 1171 3585 nou
1193 3526 1293 3608 potest

302 3661 337 3720 ut
371 3653 460 3718 fidem
497 3650 678 3730 habeamus,
706 3651 768 3715 nisi
793 3652 941 3716 nuncium
963 3625 1120 3717 audiamus
1145 3654 1199 3737 (vs.
1224 3655 1291 3738 14).

299 3789 414 3854 Paulus
437 3809 532 3873 quum
554 3807 640 3872 porro
663 3784 739 3849 dicit
761 3785 839 3849 hane
863 3786 964 3867 ιέκοήιι
988 3808 1052 3850 esse
1075 3787 1130 3853 διὰ
1150 3791 1291 3872 ῥήματος
1322 3776 1326 3787 ’

302 3925 405 3998 Θεοῦ,
429 3918 580 4004 signifieat
602 3939 668 3981 eam
693 3917 886 4003 patefactioni
909 3916 1029 3982 divinae
1052 3917 1165 3982 deberi.
1210 3921 1291 4005 Apo
1363 3985 1366 3991 ,

299 4051 395 4115 stolus
429 4051 521 4116 etiam
555 4071 587 4114 se
619 4050 721 4135 ipsum
754 4054 785 4113 ei
817 4050 951 4136 Apollon
982 4051 1156 4128 διακόνους
1194 4051 1290 4132 dicia,

342 4455 371 4531 1)
393 4453 448 4514 cfr.
468 4454 542 4535 uph.
565 4462 581 4513 2
604 4480 612 4516 z
634 4458 668 4528 8,
692 4454 766 4520 Phil.
781 4455 881 4532 1:29,
903 4453 1294 4531 001.a;12,100r.1a;a.

1504 3070 1510 3181 1
