3025 5275
466 1524 638 1589 PARS
668 1525 721 1589 11
755 1525 1010 1606 (Ponltlva).

679 1820 806 1830 »αι-...-

286 2084 326 2170 In
347 2084 447 2171 priore
468 2090 587 2150 nostrae
609 2084 833 2171 disquisitionis
856 2093 940 2174 parte
963 2086 1232 2152 animadvertimus

243 2221 274 2280 et
307 2216 454 2281 Gentium
493 2224 523 2282 et
556 2217 737 2284 Iudaeorum
771 2218 976 2283 conditionem
1010 2219 1102 2284 talem
1137 2218 1232 2285 Paulo

242 2351 337 2414 visam
365 2373 430 2416 osse
458 2357 494 2415 ut
518 2374 607 2416 nemo
634 2374 732 2417 soram
756 2352 821 2417 Doo
843 2352 970 2427 δίκαιος
993 2350 1098 2417 haberi
1122 2351 1230 2438 possit.

241 2483 308 2548 Iam
330 2483 485 2549 videamus
506 2506 636 2568 quanam
658 2486 747 2549 unice
770 2486 820 2550 via
841 2484 996 2549 hominem
1018 2506 1120 2548 voram
1144 2483 1231 2547 iusti-

241 2616 317 2681 tiam
339 2616 484 2702 oonsequi
505 2624 603 2705 putet.

603 2865 801 2931 CAPUT
834 2866 861 2932 Ι.

314 3068 358 3132 Do
380 3066 555 3133 homiuibus
575 3090 632 3154 par
659 3066 817 3133 Christum
844 3068 1057 3152 δικαιοσύνην
1083 3071 1164 3135 Θεοῦ

604 3201 864 3289 consequentibus.

287 3412 366 3478 Vera
386 3411 506 3480 iustitia
528 3414 627 3500 qualis
649 3414 690 3479 sit
712 3419 849 3479 utiocto
870 3412 1097 3500 intelligamus,
1117 3412 1232 3479 Paulus

243 3568 308 3610 oum
337 3546 463 3633 opponit
490 3547 671 3613 ludaeorum
692 3547 837 3615 iustitiae.
883 3547 1005 3613 Dicitur
1026 3547 1084 3615 itta
1108 3548 1231 3614 δικαιο-

244 3685 323 3764 σύνη
348 3683 429 3747 Θεοῦ
455 3681 553 3764 (Rom
576 3682 595 3746 I
618 3709 626 3747 ι
652 3684 711 3761 17,
733 3681 788 3747 ΙΠ
812 3709 819 3747 2
841 3684 893 3761 21,
907 3684 959 3762 22,
988 3680 1230 3769 tconvzul),

243 3821 264 3897 η’
301 3819 357 3879 τοῦ
396 3817 477 3881 Θεοῦ
516 3814 726 3899 δικαιοσύνη,
766 3837 857 3900 quam
890 3813 1022 3879 Iudaeus
1055 3812 1214 3900 ignorabat

246 3947 343 4030 (Rom.
374 3947 406 4013 X
438 3973 445 4012 ε
477 3949 526 4033 3),
558 3969 592 4012 ea
612 3946 746 4012 hominis
769 3942 919 4034 probitas,
943 3968 1020 4032 quae
1040 3968 1058 4011 a
1079 3945 1144 4011 Deo
1167 3968 1232 4033 pro-

243 4079 405 4159 ficiscitur,
423 4082 453 4164 1)
478 4080 553 4145 taes
575 4080 643 4146 ἰδία
669 4081 768 4165 (Rom.
791 4079 823 4146 X
847 4107 855 4145 ε
879 4082 931 4167 3),
955 4103 1047 4165 quam
1064 4080 1154 4145 homo
1172 4078 1232 4144 sibi

242 4272 431 4280 *mm-00·-

287 4379 314 4451 l)
345 4376 402 4435 Cfr.
433 4376 462 4435 ln
494 4375 593 4455 primis
623 4376 697 4438 Phil.
729 4376 747 4434 3
775 4402 782 4435 :
817 4380 852 4447 9,
884 4375 933 4435 ubl
959 4384 975 4444 ἡ
1006 4381 1053 4459 ἐμὴ
1081 4382 1232 4440 δικαιοσύνη

243 4485 395 4566 opponitur
432 4498 464 4571 τῇ
501 4489 651 4573 δικαιοσύνῃ
690 4491 718 4547 ἐκ
755 4497 840 4563 θεοῦ,
879 4484 960 4571 ouius
1005 4484 1059 4544 loni
1106 4483 1163 4544 sim
1197 4484 1234 4545 ad
