3025 5275
674 676 736 741 107

208 869 381 936 libertatem
411 877 565 958 acceptam
595 871 685 937 refert
692 900 702 953 3
732 870 843 959 iugum
873 872 951 958 legis
984 894 1045 938 non
1067 871 1198 960 amplius

208 1004 238 1069 ei
267 1004 446 1092 impositum
475 1011 539 1084 est,
570 1026 631 1090 quo
656 1004 789 1070 externis
815 1003 925 1070 ritibus
951 1005 1112 1071 adstrictus
1135 1012 1198 1072 erat

210 1138 292 1223 (Gal.
328 1138 357 1200 V
393 1167 399 1203 :
437 1142 454 1203 I
487 1140 566 1225 sqq).
614 1137 718 1220 Quum
741 1144 829 1203 antea
850 1138 993 1205 continua
1013 1146 1075 1204 erat
1096 1163 1199 1227 pugna

208 1271 289 1338 inter
300 1272 364 1336 eius
376 1278 478 1358 σάρκα
495 1276 525 1335 et
536 1277 673 1355 πνεῦμα,
690 1276 721 1335 et
734 1271 793 1336 hoc
804 1271 852 1336 illi
864 1272 1042 1359 plerumque
1057 1271 1197 1353 cedebat,

210 1405 325 1472 Christi
347 1407 459 1471 assecla
481 1414 540 1491 τὴν
564 1412 666 1492 σάρκα
690 1406 836 1471 cruciavit
860 1429 929 1471 cum
949 1406 1090 1476 omnibus
1109 1408 1197 1474 malis

211 1538 431 1626 cupiditatibus
465 1539 494 1604 ei
527 1536 755 1604 inhaerentibus
786 1538 867 1625 (Gal.
897 1539 933 1605 Π
969 1567 975 1605 :
1013 1544 1055 1605 24
1067 1591 1076 1621 ‚
1111 1541 1198 1609 Rom.

209 1671 293 1735 VIII
325 1700 331 1737 :
359 1675 384 1736 >9
415 1694 482 1757 sqq.
509 1672 595 1736 Rom.
619 1671 704 1736 XIII
729 1698 736 1736 t
763 1673 828 1757 14).
873 1672 962 1738 Novo
985 1673 1066 1739 enim
1090 1675 1201 1762 spiritu

211 1810 257 1870 est
277 1803 434 1886 imbutus,
457 1827 517 1890 quo
538 1803 634 1870 libere
656 1804 721 1870 Deo
743 1804 852 1886 servit,
877 1812 1039 1892 γράμματι
1063 1808 1200 1895 opposite

213 1941 311 2025 (an.
342 1940 408 2005 VII
432 1968 439 2006 :
465 1943 505 2020 6,
531 1944 550 2003 2
573 1937 641 2004 Cor.
666 1939 719 2004 III
744 1967 751 2005 ε
778 1942 821 2026 6).
867 1941 908 2006 In
930 1939 1044 2007 Christi
1068 1964 1200 2007 commu·

211 2073 302 2138 niune
324 2096 427 2139 omnes
449 2080 604 2159 tamquam
631 2096 727 2138 unum
740 2095 848 2160 corpus
860 2073 1013 2155 efficiunt,
1027 2075 1203 2143 discrimine

212 2204 331 2271 sublato
359 2206 440 2272 inter
470 2205 597 2271 Iudaeos
620 2211 651 2271 et
673 2205 809 2286 Gentes,
833 2206 913 2271 inter
935 2205 1066 2272 liberum
1088 2213 1119 2273 et
1143 2231 1201 2273 ser·

213 2366 285 2409 vum
309 2343 406 2429 (Bam.
430 2341 528 2408 XII:
555 2345 592 2421 5,
618 2345 635 2405 l
661 2340 730 2407 Cor.
754 2341 823 2407 XII
847 2369 853 2406 :
880 2342 1198 2429 13‚Ga1.111:aa):

212 2501 283 2543 nam
324 2500 427 2544 omnes
462 2477 589 2541 fratrum
630 2474 727 2539 instar
764 2474 991 2560 coniunguntur
1024 2475 1103 2541 circa
1135 2475 1200 2541 eius

214 2635 349 2695 crucem,
392 2635 468 2700 quae
509 2632 627 2678 summa
666 2631 770 2675 eorum
811 2609 907 2697 gloria
940 2616 985 2676 est
996 2661 1006 2692 ,
1043 2610 1115 2698 quia
1147 2632 1201 2699 per

214 2769 279 2812 eam
311 2769 405 2812 novae
438 2746 517 2811 vitae
550 2748 701 2831 compotes
733 2748 805 2808 sunt
827 2742 900 2809 iacti
925 2724 1005 2829 (Gai.
1027 2745 1075 2809 VI
1100 2773 1107 2810 ε
1133 2743 1199 2833 14).

215 2881 277 2963 Qui
299 2879 415 2947 Christi
437 2879 547 2967 spiritu
569 2877 742 2956 ducuntur,
765 2874 800 2941 hi
822 2875 946 2941 demum
960 2877 1023 2942 veri
1035 2876 1201 2943 Abrahami

215 3020 287 3077 sunt
318 3013 374 3078 filii
410 3013 489 3099 (Gal.
512 3012 567 3075 III
591 3039 598 3075 :
624 3011 689 3094 29).
735 3009 865 3073 Fructus
898 3010 990 3075 huius
1026 3011 1106 3075 vitae
1138 3011 1203 3076 Deo

216 3146 330 3211 dicatae
353 3146 411 3210 erit
432 3145 574 3210 sanctitas
599 3145 696 3230 (Ram.
719 3144 767 3208 VI
781 3173 787 3210 :
803 3148 856 3232 22)
867 3195 876 3226 ,
896 3169 949 3233 per
961 3146 1202 3211 communionem
1248 3127 1250 3131 ¹

215 3279 350 3360 Christi,
383 3279 436 3364 qui
466 3279 505 3342 iis
527 3278 624 3343 factus
646 3283 693 3342 est
715 3282 874 3363 ἁγιασμὸς
901 3280 931 3365 (I
956 3277 1024 3343 cor.
1047 3278 1065 3342 I
1091 3306 1098 3343 :
1124 3280 1201 3363 30),

215 3414 307 3478 huius
348 3418 448 3477 autem
490 3417 609 3476 sanctae
639 3410 718 3476 vitae
747 3411 817 3475 finis
853 3412 916 3476 vita
949 3416 1069 3476 aeterna
1105 3413 1201 3496 (Rom.

215 3546 287 3610 VI:
311 3548 376 3630 22).

262 3677 346 3760 Quid
379 3677 473 3742 vero?
517 3698 612 3762 quum
641 3675 699 3740 Dei
730 3697 812 3740 amor
841 3677 875 3739 in
898 3674 1005 3762 primis
1026 3676 1060 3740 in
1082 3674 1203 3775 Christo

215 3812 249 3876 in
283 3809 431 3876 mundum
453 3809 603 3875 mittendo
626 3815 658 3874 et
679 3809 769 3875 morti
791 3808 937 3874 tradendo
961 3807 1142 3894 conspicuus
1163 3809 1203 3873 iis

216 3951 262 4010 est
294 3945 408 4023 factus,
441 3965 542 4009 nonne
576 3942 615 4007 ad
644 3965 713 4007 eum
744 3964 843 4007 amore
866 3942 1127 4029 complectendum
1150 3942 1203 4007 du-

217 4078 347 4143 centur?
392 4099 492 4141 nonne
521 4077 549 4139 ei
580 4098 612 4139 se
640 4074 778 4154 tradent,
805 4096 984 4160 omnemque
1005 4074 1146 4140 fiduciam
1169 4075 1203 4139 in

217 4232 251 4274 eo
277 4217 405 4295 ponent,
433 4215 465 4273 et
486 4209 609 4273 omnino
635 4207 725 4272 fidem
751 4208 785 4271 in
812 4230 847 4272 eo
872 4206 1048 4273 habebunt?

261 4343 366 4429 Longe
397 4341 520 4427 quidem
550 4339 636 4405 abest
663 4347 699 4404 ut
720 4341 857 4405 omnium
879 4340 1118 4406 Christianorum
1141 4340 1220 4405 vita-

217 4473 277 4543 iam
300 4496 334 4538 ea
356 4473 414 4556 sit,
440 4474 532 4561 quam
554 4472 630 4537 duce
651 4471 746 4541 Paulo
769 4471 978 4563 depinximus:
1002 4472 1082 4563 quod
1103 4472 1204 4559 ipsum
