3025 5275
666 727 727 792 117

199 924 302 1001 cduqn
321 919 425 984 ΘεοῦΡ
448 918 630 981 Iudaeorum
651 938 751 997 more,
776 915 918 981 omnibus
937 917 1015 1002 legis
1036 917 1192 982 cuiusdam

199 1051 369 1136 praeceptis
403 1050 612 1128 observandis,
648 1049 692 1113 ita
726 1058 762 1112 ut
791 1049 856 1113 eius
886 1071 975 1135 opera
1004 1071 1103 1112 coram
1129 1049 1194 1113 Deo

201 1183 378 1247 meritorum
410 1182 511 1247 locum
548 1188 672 1246 teneant
706 1188 736 1245 et
767 1182 846 1246 nihil
868 1182 934 1267 ipse
957 1180 1063 1246 debeat
1082 1180 1196 1266 gratiae.

198 1314 340 1394 divinae,
365 1313 417 1379 scd
439 1320 559 1379 tantum
580 1313 683 1398 erigat
710 1313 792 1398 qnod
823 1312 851 1377 ei
873 1312 1021 1378 debetur?
1045 1313 1129 1377 Haec
1144 1312 1194 1376 via

199 1471 220 1511 a
252 1471 321 1512 vera
353 1448 499 1533 religione
530 1470 651 1533 prorsus
674 1454 720 1510 est
742 1448 857 1538 allana3
881 1455 912 1511 et
935 1454 1085 1533 praeterea
1107 1468 1194 1531 expe-

201 1581 312 1645 rientia
333 1564 575 1645 luculentissime
599 1580 719 1658 docuit,
743 1579 896 1644 neminem
917 1581 950 1656 ἐξ
971 1582 1073 1663 ἔργων
1092 1584 1191 1660 νόμου

120 1788 130 1805 ⁶
201 1735 303 1777 veram
318 1713 467 1777 iustitiam
484 1713 627 1797 consequi
643 1734 737 1798 posse.
758 1713 900 1797 Superest
915 1711 973 1775 alia
989 1711 1052 1789 via,
1069 1709 1193 1778 arPaulo

200 1855 223 1929 ἠ
255 1848 363 1920 πίστις
399 1845 495 1924 dicta,
531 1867 621 1929 quam
649 1845 804 1929 ingressus
834 1844 923 1907 homo
952 1843 1017 1907 Deo
1052 1841 1193 1921 confidit,
1301 1917 1303 1921 ,

171 1961 233 2050 ¹se
259 1993 360 2050 totum
386 1987 414 2051 ei
440 1986 548 2064 tradit,
588 1985 679 2049 etad
709 1984 845 2049 divinam
872 1984 1059 2079 voluntatem
1081 1983 1195 2070 consor-

201 2141 283 2183 mare
309 2119 497 2183 voluntatem
516 2140 603 2181 suam
626 2123 761 2182 conatur.
809 2116 868 2181 Sed
891 2116 1039 2201 quomodo
1050 2138 1105 2180 nos
1117 2117 1194 2214 hanc

201 2252 296 2364 viam.
313 2252 392 2316 inire
425 2261 602 2336 possumuS,
630 2257 822 2335 peccatorum
857 2248 1039 2312 conscientia
1072 2246 1196 2311 solliciti

200 2388 234 2446 et
257 2379 445 2469 perturbati,
471 2380 583 2465 quibus
606 2382 697 2446 etiam
716 2404 891 2467 persuasum
915 2387 961 2445 est
983 2381 1196 2464 quotidianos

88 2559 93 2568 -
201 2513 264 2578 labi
292 2521 322 2579 et
345 2514 537 2603 arrectaria
564 2514 703 2579 detrahi?
734 2537 834 2578 nonne
854 2515 962 2578 timore
980 2514 1195 2599 percellemur,

201 2642 372 2732 cogitantes
414 2649 514 2712 Deum
549 2670 613 2712 6666
651 2648 789 2711 iustum?
846 2647 955 2730 Neque
989 2647 1195 2733 philosophia,

199 2781 398 2864 quantumvis
431 2781 598 2866 praeclara,
630 2781 744 2845 nodum
769 2780 883 2845 solvere
905 2786 1023 2865 potest,
1047 2780 1196 2864 quomodo

202 2913 304 2993 llam,
338 2914 421 2979 haud
450 2915 560 2978 violata
599 2938 652 2979 sua
682 2913 780 3001 ipsius
811 2913 947 2992 iustitia,
981 2935 1035 2977 nos
1060 2913 1195 2997 quotidie

202 3052 362 3132 peccantes
391 3068 490 3111 amore
525 3069 579 3110 suo
602 3047 742 3133 prosequi
766 3052 881 3132 pergat.
928 3046 996 3110 Hoc
1019 3069 1080 3110 una
1102 3046 1196 3132 expli-

202 3183 253 3241 eat
275 3178 384 3262 religio
406 3179 578 3242 christiana.
626 3178 729 3242 Habet
762 3179 851 3259 enim·
866 3179 939 3242 haec
959 3178 1083 3242 unicum
1106 3177 1196 3242 illum

202 3310 354 3387 δίκαιον,
402 3316 459 3377 τὸν
492 3301 718 3393 τῆέπίστεως
754 3312 897 3397 ἀρχηγὸν
941 3315 995 3374 καὶ
1024 3271 1194 3394 retardent

202 3440 314 3529 (Hebr.
350 3441 417 3506 ΧΠ
453 3470 460 3508 :
497 3443 549 3530 2),
586 3444 640 3527 qui
673 3444 707 3507 in
729 3449 793 3506 tota
817 3443 955 3506 suavita
981 3448 1012 3506 et
1033 3443 1067 3507 in
1089 3444 1196 3529 primis

204 3575 238 3638 in
269 3581 366 3639 morte
399 3577 559 3662 perfectam
582 3576 647 3641 Deo
670 3575 873 3640 obedientiam
896 3576 1057 3662 praestit't.
1105 3577 1194 3640 Sanc·

203 3707 358 3772 tissimum
392 3708 483 3772 illurn
508 3709 543 3773 in
566 3732 654 3773 cruce
676 3709 859 3795 pendentem
882 3709 1100 3795 adspicientes,
1126 3709 1195 3774 reli·

203 3839 327 3923 glonem
360 3862 422 3912 non
454 3840 489 3904 in
522 3839 781 3928 obtemperatione
802 3842 883 3927 legi,
912 3842 964 3906 sed
989 3842 1023 3906 in
1046 3842 1109 3905 vita
1131 3842 1195 3907 Deo

203 3971 305 4037 dicata
327 3973 457 4058 positam
481 3996 544 4037 csse
567 3996 741 4053 censemus,
765 3984 922 4060 peccatum
938 3981 1039 4039 autem
1055 3975 1088 4038 in
1108 3996 1196 4039 carne

203 4102 382 4170 damnatum
414 4105 562 4171 ridemus.
609 4105 687 4171 Cum
710 4105 831 4172 Christo
858 4108 1014 4172 coniuncti
1044 4130 1105 4171 non
1128 4129 1195 4193 pos·

205 4237 326 4300 stamus
348 4260 410 4302 non
432 4237 492 4324 ipsi
515 4237 628 4303 demori
649 4244 789 4324 peccato;
814 4240 879 4305 eius
902 4262 990 4304 cruce
1000 4240 1192 4326 perspicuum

204 4367 294 4432 nobis
316 4371 350 4433 tit
374 4369 491 4449 Deum,
515 4371 572 4435 etsi
595 4371 728 4451 iustum,
751 4371 856 4452 nobis,
876 4374 1105 4458 peccatoribus,
1128 4397 1197 4461 pec-

204 4482 273 4565 cata
304 4509 406 4567 nostra
443 4503 609 4569 condonare
641 4510 684 4584 et,
717 4528 900 4592 quamquam
934 4506 1024 4591 longe
1055 4506 1139 4571 abest
1162 4514 1197 4572 ut
