3025 5275
656 672 717 737 111

193 870 345 938 habebant
363 868 397 933 in
420 857 504 948 Deo,
532 888 608 951 quae
630 865 693 931 sola
719 870 765 930 est
788 862 938 943 conditio,
957 851 1018 948 qua
1032 883 1131 927 coram
1146 884 1181 926 eo

193 1000 312 1089 probari
335 1005 467 1087 possent.

237 1134 346 1218 Itaque
370 1132 427 1196 hoo
448 1130 524 1195 dicit
548 1128 731 1216 Apostolusz
755 1147 809 1214 per
830 1145 927 1188 unum
948 1120 1098 1187 iudicium
1110 1142 1180 1209 pro-

168 1266 270 1335 bans
302 1266 417 1330 factum
446 1270 492 1328 est
524 1269 560 1326 ut
592 1283 695 1327 omnes
718 1264 924 1336 πιστεύοντες
946 1281 964 1322 a
986 1257 1051 1322 Deo
1076 1254 1180 1343 pmba-

194 1402 298 1463 rentur
319 1403 350 1462 et
373 1397 417 1461 ita
438 1395 519 1461 vitae
541 1404 677 1459 aeternae
698 1392 861 1480 participes
883 1391 999 1455 fierent.

241 1536 305 1597 Διὰ
328 1539 384 1615 τῆς
406 1534 552 1612 ὑπακοῆς
568 1535 624 1594 τοῦ
641 1532 713 1603 ἑνὸς
730 1526 853 1591 δίκαιον
871 1532 1180 1607 κατασταθήσονται
1278 1561 1285 1570 =

195 1668 227 1730 οἱ
267 1663 384 1730 πολλοί
427 1666 481 1748 (vs.
521 1664 585 1747 19).
645 1660 760 1726 Christi
799 1658 970 1725 obedientia
981 1709 990 1739 ,
1025 1679 1116 1743 quam
1148 1656 1182 1721 in

195 1803 258 1862 tota
291 1819 344 1862 sua
375 1797 439 1861 vita
472 1802 502 1860 et
535 1768 709 1882 inprimis
740 1793 774 1859 in
807 1799 903 1859 morte
925 1793 989 1858 Deo
1010 1790 1182 1880 praestitit,

195 1929 309 1996 factum
343 1936 389 1995 est
418 1935 454 1994 ut
483 1929 599 2016 plures,
633 1927 670 1993 ab
709 1949 744 1992 eo
778 1926 816 1991 ad
848 1926 938 1992 fidem
972 1927 1036 1992 Deo
1072 1924 1183 1992 haben·

196 2062 265 2128 dam
302 2062 444 2143 adducti,
483 2061 521 2126 ab
556 2084 591 2126 ee
623 2061 658 2126 in
690 2059 852 2148 proborum
883 2060 976 2125 classe
1006 2059 1183 2125 collocaren·
1250 2139 1252 2145 Ι

102 2245 106 2254 .
195 2202 255 2260 tur.
301 2195 417 2260 Futuro
446 2195 544 2260 utitur
573 2194 701 2274 Paulus,
724 2193 796 2279 quia
821 2193 899 2259 hauc
927 2194 1097 2261 δικαίωσιν
1121 2215 1182 2257 non

194 2329 335 2415 proponit
360 2328 504 2415 temporis
527 2334 679 2393 momento
702 2328 804 2392 locum
818 2326 997 2408 habentem,
1014 2327 1067 2392 sed
1081 2332 1184 2392 contra

195 2461 333 2529 credebat
366 2463 461 2528 alium
493 2462 553 2527 alio
585 2468 720 2549 tempore
754 2461 794 2527 ad
826 2461 916 2527 fidem
953 2461 1118 2526 adductum
1144 2461 1184 2525 iri

196 2600 226 2660 et
259 2594 303 2660 ita
336 2601 395 2679 τὴν
430 2594 642 2680 δικαιοσύνην
679 2598 912 2659 consecuturum
946 2615 1020 2659 esse.
1074 2591 1184 2659 Paucis

195 2729 335 2818 Apostoli
384 2729 674 2815 argumentationem
724 2728 768 2792 sic
816 2727 933 2793 tradere
983 2727 1076 2799 lieet:
1139 2734 1185 2793 est

196 2869 278 2929 arcta
317 2862 507 2929 necessitudo
546 2862 627 2928 inter
669 2861 825 2928 Christum
868 2866 899 2927 et
940 2861 1025 2927 illam
1068 2861 1185 2948 generis

196 2996 322 3062 humani
362 3002 496 3084 partem,
543 3018 619 3080 quae
653 3019 685 3061 se
718 2996 746 3061 ei
779 2994 898 3074 iunxit,
933 2992 1186 3079 quemadmodum

197 3130 278 3196 inter
300 3137 392 3216 caput
413 3137 444 3195 et
465 3127 611 3195 membra.
656 3129 722 3194 Iam
746 3150 816 3194 vero
838 3128 892 3194 ille
914 3127 1030 3215 peccati
1049 3134 1112 3193 eret
1129 3127 1185 3193 im-

196 3264 315 3343 munis,
350 3264 389 3328 ad
421 3269 549 3329 mortem
583 3285 679 3348 usque
712 3263 777 3328 Deo
799 3261 1187 3349 perfectam'obedientiam

198 3395 367 3485 praestabat
374 3426 383 3479 ;
419 3398 475 3462 hac
509 3396 572 3462 vita
606 3395 796 3462 sanctissima
828 3396 942 3462 factum
976 3402 1021 3461 est
1054 3401 1090 3460 ut
1120 3395 1185 3460 eius

199 3534 327 3599 asseclae
359 3533 398 3598 ad
431 3533 520 3599 fidem
554 3532 714 3612 accedant,
749 3531 913 3616 eodemque
934 3530 1014 3595 vitae
1036 3529 1187 3617 principio

198 3664 392 3744 imbuantur,
422 3688 482 3751 quo
510 3666 565 3731 ille
594 3665 775 3752 conspicuus
801 3666 860 3731 fuit
883 3672 915 3730 et
936 3665 980 3730 ita
1003 3686 1101 3729 coram
1123 3663 1188 3728 Deo

200 3798 372 3887 probentur.
414 3798 502 3864 'Non
543 3799 640 3885 igitur
679 3797 796 3864 Christi
829 3798 936 3864 merito
965 3821 982 3862 a
1015 3798 1080 3863 Deo
1113 3796 1187 3861 iusti

201 3932 407 4013 declarantur,
442 3932 495 3997 sed
527 3931 666 3998 Christus
700 3933 780 3999 viam
814 3933 853 3998 iis
883 3930 1001 4019 aperuit
1023 3930 1061 3995 ad
1082 3929 1187 4010 fidem,

201 4089 278 4153 quae
300 4065 434 4132 conditio
458 4073 506 4131 est
528 4075 583 4150 τῆς
607 4041 827 4151 δικαιοσύνην.

246 4199 401 4265 Iudicium
434 4199 492 4264 Dei
525 4199 559 4263 in
593 4221 659 4280 eos,
694 4201 748 4284 qui
782 4199 905 4265 Christo
937 4198 1070 4286 devincti
1100 4202 1188 4277 sunt,

200 4332 298 4398 latum
320 4356 382 4399 uon
400 4340 446 4399 est
468 4331 691 4412 condemnans,
716 4332 769 4397 sed
788 4332 939 4419 probans,
964 4337 994 4397 et
1017 4330 1097 4397 sicut
1118 4330 1188 4409 ille,

203 4474 353 4557 quatenus
382 4473 518 4534 mortuus
552 4471 615 4548 est,
639 4470 760 4531 tantum
786 4471 908 4553 peccato
930 4470 977 4530 est
999 4465 1189 4543 demortuus,
