3025 5275
681 670 722 733 59

208 864 419 950 (ἐκδημοῦμεν
456 868 474 929 2
506 863 573 929 Cor.
597 863 626 926 V
651 890 658 928 :
685 865 734 949 6),
759 861 812 927 sed
838 863 937 928 mtho
960 863 1070 928 melius
1092 869 1137 929 est
1160 887 1196 929 ex

206 1021 327 1086 corpore
348 997 531 1085 peregrinari
554 1004 586 1062 et
603 1018 667 1061 esse
682 1018 775 1083 prope
790 995 889 1061 Deum
907 998 962 1081 (vs.
977 1000 1019 1083 8).
1044 997 1195 1063 Omnibus

205 1130 318 1216 igitur,
341 1130 395 1215 qui
417 1129 454 1194 ab
481 1130 575 1194 altera
594 1129 708 1194 vitain
727 1129 852 1194 alteram
870 1137 1039 1211 transeunt,
1062 1132 1194 1197 mutatio

206 1264 364 1330 subeunda
393 1271 439 1330 est
462 1267 493 1349 (1
514 1264 583 1329 Cor.
607 1264 667 1329 XV
693 1292 699 1328 :
725 1266 779 1349 51)
789 1293 799 1346 3
824 1265 1009 1351 corruptioni
1032 1264 1195 1332 obnoxium

206 1400 421 1466 vestimentum
447 1398 593 1485 deponere
615 1396 706 1461 debet
728 1397 818 1461 homo
843 1397 1056 1484 (ἐκδύσασθαι
1083 1397 1193 1464 2001.

205 1531 235 1594 V
264 1560 271 1597 ε
300 1533 352 1617 4),
390 1537 425 1595 ut
462 1530 521 1595 alio
558 1531 739 1596 vestimento
775 1524 957 1612 immortali,
996 1532 1195 1617 corruptionis

206 1666 322 1754 experti
352 1665 496 1730 induatur
528 1664 740 1750 (ἐνδύσασθαι
776 1667 793 1727 1
827 1662 895 1727 Cor.
926 1664 1018 1728 XV:
1044 1666 1104 1742 53,
1129 1664 1194 1749 54).
1281 1741 1286 1750 ¹

250 1799 309 1864 Sed
331 1798 461 1877 Paulus,
484 1796 626 1884 epistolas
649 1795 687 1860 ad
709 1795 883 1861 Corinthios
907 1795 1057 1876 scribens,
1081 1795 1195 1861 Christi

207 1940 389 2022 παρούσιαν
413 1931 548 2019 proxime
570 1929 734 1994 instantem
757 1928 950 2015 exspectabat
956 1959 965 2010 3
990 1929 1119 2014 glorioso
1141 1928 1196 1994 illo

206 2068 256 2133 die
276 2066 413 2135 nondum
435 2088 538 2130 onmes
560 2070 687 2128 mortem
709 2061 856 2128 obiissent
870 2066 925 2148 (vs.
940 2064 1058 2150 51)‚in
1069 2085 1197 2148 quorum

206 2224 330 2269 numero
360 2200 451 2265 etiam
483 2222 514 2264 se
541 2198 645 2285 ipsum·
665 2197 727 2261 fore
750 2196 888 2286 sperabat
912 2200 943 2283 (2
967 2197 1088 2264 Cor.·V
1111 2226 1119 2263 :
1145 2200 1175 2283 3)
1186 2226 1195 2278 ;

205 2336 239 2400 hi
270 2335 367 2421 igitur
397 2355 459 2398 non
483 2338 639 2396 uterentur
662 2339 742 2398 statu
766 2333 820 2396 illo
843 2333 959 2413 somni,
989 2357 1048 2418 quo
1069 2334 1196 2413 caeteri,

207 2468 261 2554 qui
284 2468 346 2532 iam
367 2472 455 2531 antea
477 2471 562 2529 erant
584 2465 706 2545 mortui,
731 2465 963 2532 continebantur
988 2470 1042 2553 (vs.
1070 2471 1122 2554 51)
1133 2497 1142 2550 3
1157 2468 1196 2533 iis

206 2600 327 2667 nullum
345 2599 560 2665 vestimentum
572 2604 635 2664 erat
645 2598 874 2686 deponendum,
888 2598 941 2664 sed
953 2605 1072 2665 tantum
1084 2621 1196 2665 novum

209 2735 301 2800 veteri
334 2732 612 2822 superinduendum
649 2736 904 2819 (ἐπενδύσασθαι
932 2739 950 2798 2
974 2733 1042 2800 Cor.
1065 2735 1094 2798 V
1119 2763 1126 2800 ι
1152 2737 1195 2820 2).

251 2867 432 2934 Iudaeorum
462 2889 544 2932 more
574 2867 739 2954 Apostolus
765 2868 844 2933 hano
867 2869 1114 2935 resurrectionem
1137 2867 1197 2933 sibi

206 3001 392 3091 proponebat
399 3031 408 3084 3
432 3000 561 3066 mutatio
584 3001 738 3081 omnium,
762 3008 824 3067 tam
848 3025 951 3068 eorum
970 3003 1024 3089 qui
1043 3002 1142 3068 adhue
1162 3003 1197 3068 in

206 3136 284 3201 vivis
307 3141 408 3215 erent,
436 3141 569 3221 tempore
591 3136 773 3221 παρουσίας
796 3133 930 3214 Christi,
954 3157 1045 3220 quam
1067 3143 1197 3201 mortuo

207 3291 292 3349 rum,
337 3269 482 3356 temporis
526 3274 657 3354 puncto,
711 3266 744 3331 in
791 3267 930 3332 coniectu
974 3268 1053 3333 oculi
1095 3269 1196 3335 loourn

207 3402 345 3483 haberet,
370 3425 465 3488 quum
488 3402 616 3466 ultimus
638 3399 728 3465 tubae
751 3401 875 3487 clangor
897 3402 1052 3467 audiretur
1077 3406 1106 3499 (1
1127 3402 1194 3468 Cor.

207 3535 267 3601 XV
293 3564 299 3600 :
325 3538 396 3622 52);
419 3535 531 3599 mortui
552 3533 750 3612 reviviscent,
775 3533 837 3598 vivi
858 3533 1076 3615 mutabuntur,
1093 3558 1196 3601 omnes

207 3670 298 3734 variis
320 3667 477 3734 ordinibus
499 3668 534 3732 in
556 3666 650 3731 vitam
672 3664 816 3730 redibunt
841 3669 896 3752 (vs.
923 3670 963 3732 23
989 3670 1067 3755 sqq.)
1086 3671 1129 3755 1).
1180 3726 1185 3733 .

251 3804 340 3869 Hane
374 3802 624 3887 esehatnbgium,
660 3823 676 3866 e
710 3799 889 3865 Gamalielis
924 3800 1025 3865 schola
1052 3801 1196 3887 petitam,

208 3936 377 4022 discipulus
411 3934 526 3999 Christi
559 3955 620 3997 non
653 3931 767 4017 ubique
801 3933 914 3998 tradit:
963 3934 1082 4020 saepius
1116 3935 1197 3998 enim

208 4068 241 4132 in
272 4067 393 4154 seriptis
422 4066 560 4130 Paulinis
590 4065 695 4130 nullus
726 4071 773 4129 est
798 4066 883 4130 loeus
910 4066 1003 4130 statui
1030 4066 1079 4130 illi
1106 4066 1197 4130 inter-

202 4301 384 4312 κ--υ--ι-

251 4462 282 4533 1)
302 4459 357 4519 co.
382 4463 397 4521 l
419 4460 517 4526 Thess.
541 4464 587 4520 4:
613 4464 665 4531 16,
688 4461 733 4527 17,
