3025 5275
778 687 819 750 62

301 882 431 969 acquirit
460 882 524 947 suis
554 879 669 945 viribus
697 880 817 960 nitens;
846 883 892 943 est
914 877 1007 942 altera
1031 880 1064 942 ἐκ
1090 881 1146 941 τοῦ
1171 880 1289 960 νόμον,

301 1015 395 1081 altera
423 1009 580 1097 πίσέεως,
614 1013 669 1078 διὰ
700 1017 856 1093 πίστεως,
891 1015 925 1076 ἐκ
948 1012 1104 1087 olorem:
1128 1007 1183 1093 qui
1205 1006 1291 1072 illam

301 1149 436 1234 quaerit,
467 1154 513 1213 est
545 1147 774 1231 ἐργαζόμενος,
805 1143 974 1209 mercedem
1005 1141 1133 1228 accipit,
1164 1161 1241 1225 quae
1263 1139 1292 1203 ei

301 1281 444 1361 debetur,
475 1281 555 1345 hanc
584 1279 700 1366 petenti
731 1277 805 1341 fides
833 1276 1002 1363 imputatur
1024 1272 1186 1360 probitatis
1207 1273 1290 1352 loco,

303 1415 340 1479 οὐ
364 1401 449 1479 κατὰ
471 1412 652 1499 ὀφείλημα,
676 1410 728 1476 sed
752 1415 837 1475 κατὰ
863 1415 958 1496 χάριν
985 1408 1142 1493 (Romsv
1163 1434 1170 1472 :
1194 1411 1232 1487 4,
1247 1408 1290 1492 5).

305 1545 409 1628 Quum
431 1546 465 1610 in
488 1568 575 1624 eum,
599 1544 653 1629 qui
675 1567 692 1609 e
713 1544 781 1630 lege
801 1544 1013 1627 δικαιοσύνην
1027 1543 1154 1628 quaerit,
1166 1541 1293 1628 quadrat

303 1678 382 1743 illud
423 1679 541 1743 dictum
573 1677 670 1743 Mosis
706 1678 790 1761 (Lea.
825 1675 971 1742 XVIII:
998 1678 1052 1761 5):
1095 1679 1114 1740 o‘
1155 1682 1292 1759 ποιήσας

304 1813 388 1877 αὐτὰ
408 1812 537 1895 ζήσεται
564 1815 598 1878 ἐν
623 1812 752 1888 αὐτοῖς,
778 1819 881 1874 contra
902 1810 920 1871 o‘
944 1811 978 1873 ἐκ
1003 1811 1138 1883 πίστεως
1162 1807 1289 1883 δίκαιος

256 2011 258 2015 Α
302 1944 430 2009 salutem
451 1967 513 2009 non
536 1967 553 2009 e
574 1945 742 2030 longinquo
766 1943 854 2031 petit,
871 1943 958 2029 quasi
974 1967 1009 2009 ea
1023 1943 1115 2032 longe
1130 1943 1225 2023 absit,
1242 1941 1295 2007 sed

304 2076 460 2143 Christum
490 2077 597 2142 salutis
623 2077 730 2142 ducem
757 2077 849 2142 habet
874 2078 971 2162 (Rom.
995 2079 1026 2145 X
1050 2107 1058 2145 :
1084 2080 1182 2165 6-8)
1208 2081 1239 2163 l)
1265 2083 1295 2141 et

304 2211 349 2275 ita
387 2211 446 2275 fide
486 2210 519 2275 in
560 2211 624 2276 Deo
652 2210 751 2297 posita
784 2210 935 2275 iustitiam
969 2212 1182 2296 consequitur,
1218 2231 1295 2295 quae

306 2343 366 2408 alio
404 2343 493 2409 modo
533 2344 644 2409 frustra
678 2343 832 2429 quaeritur
868 2345 923 2428 (vs.
959 2346 1002 2430 9).
1059 2345 1217 2409 Praeterea
1249 2348 1296 2407 ast
1361 2336 1366 2344 ’

305 2478 378 2543 haec
401 2478 593 2561 δικαιοσύνη
616 2476 812 2556 universalis,
839 2476 1214 2561 unicuiquemoralocu
1243 2474 1294 2540 ob·
1367 2510 1374 2525 ·

305 2610 401 2697 tingit
436 2611 500 2696 (III
532 2637 539 2676 :
572 2612 645 2695 22),
676 2608 763 2675 nullo
793 2608 968 2675 discrimine
990 2609 1070 2674 inter
1094 2607 1243 2673 Iudaeum
1265 2612 1296 2671 et

306 2743 457 2808 Graecum
480 2743 522 2828 (X
546 2770 552 2806 :
578 2744 644 2827 lt).
950 2714 952 2719 Ι

351 2878 441 2942 Hanc
477 2882 578 2941 autem
615 2875 827 2959 δικαιοσύνην
861 2879 895 2940 ἐκ
930 2877 1065 2952 πίστεως
1096 2896 1158 2939 non
1188 2895 1296 2938 novam

308 3032 388 3090 esse,
426 3010 466 3074 V.
493 3009 528 3074 T.
542 3031 672 3097 ⁸prorsus
694 3008 847 3094 ignotam,
875 3007 983 3096 probat
1005 3008 1177 3094 exemplum
1201 3005 1295 3071 Abra-

307 3143 390 3208 hami
421 3144 519 3227 (Rom.
552 3143 616 3222 IV,
647 3141 717 3206 Gal.
751 3142 829 3227 ΠΙ).
876 3142 949 3207 Non
972 3148 1117 3208 memorat
1139 3139 1295 3227 Scriptura
1396 3162 1402 3172 ·

306 3500 468 3560 refutandos
506 3520 570 3570 eos,
610 3499 658 3580 qui
689 3505 856 3566 δικαιοσύνην
892 3513 957 3565 Θεοῦ
990 3499 1131 3579 explicant
1163 3499 1216 3588 Dei
1236 3520 1299 3579 pro·

307 3608 468 3686 prietatem,
490 3607 551 3667 iure
572 3614 653 3685 urget
675 3608 842 3684 Hergelins.
884 3613 1016 3669 Attamen
1037 3610 1106 3668 Viro
1118 3608 1300 3687 Ol.,neganti

307 3716 387 3776 Rom.
411 3720 427 3775 3
450 3741 457 3774 2
481 3720 513 3786 5,
542 3721 594 3787 25,
616 3720 652 3773 26
675 3728 741 3779 Θεοῦ
764 3735 824 3775 esse
845 3716 1003 3794 genitivum
1025 3714 1300 3790 subiectivum‚non

307 3823 481 3884 assentimur.

349 3933 377 4012 1)
407 3931 484 3991 Haec
526 3930 609 3990 verba
643 3930 746 4008 partlm
782 3930 871 3991 libere
901 3951 936 3990 ex
958 3932 1086 3991 versione
1106 3932 1189 3992 Alex.
1217 3932 1301 3992 Dent.

308 4043 345 4098 80
378 4065 385 4097 z
419 4042 538 4097 12-14
576 4039 660 4097 citata
689 4044 772 4110 sont,
801 4038 906 4116 partim
937 4039 1022 4099 etiam
1054 4041 1149 4117 ipsum
1180 4040 1301 4100 Paulum

307 4153 449 4208 auctorem
468 4146 578 4207 habent.
620 4148 719 4206 Plures
740 4147 906 4225 interpretes
916 4153 1017 4226 putant
1026 4149 1145 4207 Paulum
1156 4148 1207 4207 illa
1217 4148 1301 4208 verba

308 4258 458 4334 allegorice
485 4276 545 4315 esse
571 4257 801 4334 interpretatum,
829 4276 899 4335 quos
930 4256 1080 4335 inprimis
1103 4257 1301 4318 refutatHen·

310 4366 412 4441 gelius,
443 4385 499 4445 quo
530 4364 624 4424 iudice
654 4366 810 4444 Apostolus
843 4385 875 4424 ea
905 4365 942 4425 ad
972 4385 1053 4425 suom
1090 4383 1172 4426 usum
1193 4385 1301 4426 accom-

221 4550 222 4553 Ἴ
310 4474 442 4536 modavit.
485 4474 540 4534 cfr.
562 4474 623 4576 131.
651 4475 681 4533 H
700 4494 764 4552 pag.
786 4478 955 4534 loe-520.
