3025 5275
785 677 826 744 36

311 881 366 954 τῆς
390 875 625 959 κατακρίσεως,
650 879 705 939 τοῦ
732 879 882 940 θανάτου
909 876 941 959 (2
961 872 1029 938 Cor.
1042 873 1141 939 111:ss
1155 875 1298 958 sqq.).—

308 1005 443 1071 Tandem
476 1004 686 1093 exponendum
718 1004 808 1070 nobis
841 1011 887 1070 est
911 1005 987 1091 quid
1019 1006 1070 1071 lex
1102 1005 1140 1070 ab
1174 1006 1299 1072 homine

309 1137 420 1223 erigat.

354 1270 445 1335 Varia
476 1276 632 1356 praecepta
667 1276 697 1333 et
729 1268 904 1348 interdicta,
942 1268 1053 1354 quibus
1083 1269 1133 1334 lex
1162 1276 1298 1349 constat,

310 1403 445 1468 efficiunt
468 1405 547 1489 ἔργα
571 1407 689 1487 νόμον,
713 1424 790 1487 quae
811 1400 986 1467 hominibus
1013 1409 1085 1466 sunt
1106 1403 1297 1489 perficienda.

310 1537 448 1602 Primum
481 1535 563 1599 enim
595 1535 630 1598 in
662 1534 729 1620 lege
767 1557 883 1622 semper
913 1541 959 1600 est
982 1540 1017 1600 τὸ
1043 1537 1238 1622 ἐργάζεσθαι
1262 1541 1299 1602 τὸ

308 1675 444 1750 ἄγαθον
469 1669 566 1753 (Rom.
589 1667 625 1732 Π
649 1694 656 1731 :
682 1668 753 1751 10);
777 1673 894 1752 oportet
918 1667 1090 1748 hominem,
1115 1669 1169 1754 qui
1184 1670 1218 1733 in
1230 1669 1299 1755 lege

312 1800 522 1884 δικαιοσύνην
546 1797 680 1883 quaerit,
705 1820 769 1862 esse
792 1804 892 1883 νόμον
916 1808 1074 1885 ποιητήν,
1102 1824 1165 1865 non
1187 1801 1299 1866 sufficit

310 1933 375 1997 eius
397 1936 554 2018 praecepta
584 1928 688 1994 audire
712 1930 793 2016 (Gal.
817 1930 846 1992 V
870 1959 877 1996 ς
904 1934 942 2011 3,
965 1933 1053 1998 Rom.
1073 1933 1109 1998 Π
1134 1961 1141 1998 :
1167 1936 1220 2020 13)
1267 1936 1298 2020 )‚

308 2065 398 2130 homo
429 2086 463 2128 ea
496 2062 587 2127 etiam
616 2061 770 2126 observare
805 2061 903 2129 debet.
940 2065 1080 2129 Iudaeus
1111 2066 1144 2130 in
1172 2066 1299 2131 circum-

310 2196 422 2261 cisione
451 2195 638 2279 acquiescere
663 2195 780 2281 potuit,
804 2196 942 2261 iudicans
965 2220 1068 2284 seper
1094 2197 1152 2262 hoc
1175 2198 1300 2285 signum

308 2328 486 2415 participem
515 2329 576 2393 fore
605 2328 818 2393 beneficiorum
851 2353 869 2393 a
890 2329 955 2394 Deo
979 2330 1011 2394 in
1034 2330 1183 2417 populum
1207 2355 1297 2397 sunm

308 2462 502 2542 collatorum,
534 2462 586 2527 sed
612 2463 691 2528 nihil
713 2462 765 2527 hic
787 2470 871 2527 actus
895 2465 923 2527 ei
946 2463 1085 2550 prodest,
1112 2465 1174 2529 nisi
1198 2470 1298 2549 νόμον

309 2602 432 2685 wectorp
455 2598 509 2681 (vs.
525 2598 589 2681 25).
615 2595 705 2677 Quod
716 2596 879 2662 affirmatur
891 2618 1010 2682 quoque
1020 2598 1093 2662 Lev.
1109 2598 1245 2665 XVIH:
1261 2602 1298 2681 53

308 2734 327 2794 o‘
349 2739 484 2813 ποιήσας
512 2732 595 2795 αὐτὰ
617 2737 794 2816 ἄνθρωπος
819 2736 947 2814 ζήσεται
976 2734 1010 2796 ἐν
1036 2732 1147 2808 αὐτοῖς
1167 2731 1209 2817 (Χ
1226 2759 1233 2797 :
1252 2733 1296 2817 5).

309 2863 418 2948 Itaque
453 2863 503 2928 lex
539 2862 669 2927 attendit
702 2885 778 2950 opus
810 2871 989 2949 operatum:
1023 2885 1083 2948 qno
1106 2863 1208 2929 animo
1231 2865 1297 2929 eins

308 3001 465 3082 praecepta
494 2995 702 3082 perficiantur,
734 2996 780 3060 nil
802 2996 909 3060 refert:
946 2997 1058 3062 etenim
1081 3002 1214 3083 ὁνόμος
1239 3001 1297 3065 οὐκ

310 3130 398 3193 ἔστιν
434 3132 468 3192 ἐκ
499 3130 634 3204 πίστεως
666 3128 746 3213 (Gal.
770 3128 824 3193 ΙΙΙ
847 3157 855 3192 :
881 3130 934 3213 12)
960 3129 1012 3194 sed
1035 3137 1121 3196 extra
1143 3131 1299 3198 hominem

205 3260 208 3266 ¹
311 3263 345 3326 ἓν
370 3267 531 3346 γράμμασι
558 3261 589 3345 (2
613 3259 680 3325 Cor.
704 3261 759 3326 ῙΠ
783 3288 789 3324 2
818 3264 859 3348 7).
971 3290 974 3297 ’

355 3392 381 3458 b.
430 3393 492 3474 Qui
525 3415 561 3457 ex
594 3393 662 3478 lege
696 3394 908 3480 δικαιοσύνην
943 3397 1077 3481 quaerit,
1108 3398 1211 3463 omnia
1233 3398 1299 3464 eius

310 3529 389 3612 ἔργα
413 3527 552 3612 perficere
573 3526 679 3606 debet,
695 3550 733 3592 ne
744 3550 806 3593 uno
817 3529 941 3613 quidem
952 3537 1093 3618 excepto:
1111 3532 1161 3596 cui
1172 3531 1298 3617 quidem

308 3657 462 3722 neminem
501 3681 604 3744 parem
646 3681 709 3723 esse
750 3666 782 3724 et
823 3663 960 3756 onmium
994 3663 1178 3749 experientia
1212 3663 1300 3728 docet

310 3798 340 3855 et
368 3812 422 3855 sua
455 3790 565 3874 cuique
599 3792 782 3877 experientia
808 3795 895 3858 testis
925 3801 982 3860 est.
1028 3795 1091 3860 sub
1114 3796 1182 3881 lege
1204 3796 1302 3882 igitur

350 4133 378 4207 1)
413 4131 555 4213 Articulus
593 4131 672 4189 deest
702 4131 785 4190 codd.
819 4137 852 4192 Α.
885 4134 916 4191 B.
949 4133 982 4192 D.
1014 4135 1064 4203 n,
1101 4140 1129 4194 et
1162 4135 1302 4196 omittitur

308 4257 420 4317 quoque
438 4258 453 4296 a
472 4238 665 4304 Lachmanno,
687 4238 872 4298 Griesbachio
887 4245 915 4298 et
926 4238 1156 4302 Tischendorfio:
1167 4249 1257 4315 recte,
1269 4250 1301 4303 ut

307 4345 432 4415 ridetur,
453 4345 519 4424 quia
539 4345 620 4404 Pauli
642 4347 846 4422 argumentatio
869 4346 904 4404 de
926 4349 1003 4406 omni
1027 4349 1192 4427 legeralet‚
1205 4371 1301 4431 quam·

308 4473 391 4533 quam
412 4453 505 4531 primo
526 4453 588 4512 loco
609 4453 699 4530 legem
721 4454 876 4514 Mosaicam
898 4456 1022 4534 respexit
