3025 5275
684 685 724 753 97

205 877 304 944 batur.
351 880 437 945 Inter
460 878 534 944 duos
556 878 739 958 Cherubim,
766 877 804 945 ab
825 885 951 965 utraque
969 888 1053 966 parte
1067 880 1197 967 positos,

205 1014 290 1081 locus
320 1020 401 1093 erat,
430 1013 513 1079 unde
538 1013 651 1080 Iehova
673 1011 831 1080 dicebatur
853 1013 934 1077 iussa
956 1035 1009 1077 sua
1032 1013 1101 1078 dare
1123 1023 1198 1078 tam·

205 1168 296 1232 quam
348 1170 366 1210 a
416 1147 525 1212 throno
570 1169 634 1212 suo.
702 1147 803 1212 Semel
850 1146 1014 1232 quotannis
1058 1146 1200 1211 Pontifex

206 1278 361 1343 Maximus
384 1300 494 1364 magno
517 1278 698 1364 expiationis
720 1279 770 1344 die
793 1280 941 1365 sanguine
960 1279 1102 1344 victimae
1116 1301 1198 1366 oper·

206 1411 310 1476 culum
333 1410 510 1498 spargebat,
534 1417 569 1475 ut
591 1411 697 1498 populi
721 1412 885 1477 Israelitioi
908 1419 1030 1499 peccata
1047 1413 1180 1498 expiaret
1187 1442 1196 1495 3

206 1549 322 1630 praeter
343 1543 445 1629 ipsum
467 1543 582 1607 nemini
605 1543 685 1609 illud
709 1546 881 1631 conspicere
897 1544 1008 1610 licebat
1022 1545 1086 1631 (cfr.
1100 1546 1196 1611 Exod.

206 1674 330 1740 XXV:
356 1675 601 1754 17-22,Lev.
627 1676 729 1761 XVI).

251 1810 404 1895 Sanguine
426 1809 568 1876 animalis
590 1809 682 1876 fiebat
697 1811 847 1898 expiatio,
863 1818 1017 1897 tamquam
1033 1812 1112 1877 vitae
1127 1812 1196 1878 sede

206 1948 237 2006 et
276 1942 411 2029 symbolo
455 1943 535 2008 vitae
579 1944 685 2032 populi
730 1945 795 2010 Deo
839 1945 971 2024 dicatae,
1005 1968 1196 2031 nequaquam

206 2076 363 2161 operculo,
398 2097 458 2161 quo
490 2076 574 2142 Deus
608 2075 743 2142 habitare
779 2077 971 2157 censebatur,
1007 2077 1087 2162 quod
1116 2079 1196 2144 nihil

204 2207 291 2273 aliud
319 2215 382 2273 erat
410 2209 472 2273 nisi
502 2210 587 2275 sedes
609 2211 754 2289 lehovae,
782 2210 909 2275 minime
931 2232 1000 2275 vero
1022 2210 1106 2276 sedes
1128 2234 1194 2299 pro

206 2341 384 2430 pitiationis.
420 2343 478 2408 Sed
501 2344 651 2430 quomodo
673 2344 814 2410 Christus
829 2344 886 2409 hoc
901 2365 991 2409 sensu
1008 2344 1194 2431 ἱλαστήριον

206 2477 269 2542 dici
297 2478 415 2565 potuit,
447 2499 538 2562 quem
567 2479 651 2544 Deus
680 2479 818 2544 omnium
841 2478 937 2543 oculis
959 2478 1195 2566 adspectandum

207 2611 379 2700 proposuit,
413 2634 508 2697 quum
542 2612 717 2699 operculum
752 2611 935 2698 unicuique,
967 2634 1027 2676 uno
1049 2611 1195 2677 Pontifioe

206 2744 341 2809 Maximo
374 2752 517 2832 excepto,
551 2751 629 2811 emet
651 2744 829 2811 obtectum?
875 2745 917 2810 Et
938 2754 1088 2832 praeterea
1109 2745 1194 2810 nulla

207 2877 389 2963 comparatio
423 2877 546 2942 institui
579 2884 699 2965 potest:
742 2900 841 2943 merae
871 2878 952 2943 enim
986 2884 1057 2942 sunt
1078 2899 1193 2963 nugae,

206 3031 281 3096 quos
302 3010 444 3075 nonnulli
466 3011 648 3076 invenerunt
670 3010 709 3076 ad
731 3033 797 3076 eam
820 3009 1005 3097 probandam
1022 3012 1064 3094 1).

212 3205 397 3215 ——---—

246 3306 275 3380 1)
297 3305 341 3363 Ita
361 3322 386 3362 u.
407 3321 431 3361 o.
455 3301 636 3380 Daylingius,
659 3319 742 3380 quem
763 3280 832 3359 citat
853 3298 1055 3358 Oltramurios:
1080 3316 1195 3377 „quem-

203 3410 373 3482 admoinm,
394 3409 448 3480 ait,
469 3414 629 3488 ἱλαστήριον,
644 3428 723 3468 arcae
737 3414 862 3489 ἐπίθεμα,
879 3407 988 3466 tabulas
1002 3405 1087 3483 legis,
1103 3404 1194 3464 minas

204 3519 271 3579 item
293 3524 320 3578 et
341 3517 552 3578 maledictiones
573 3516 754 3577 violatoribus
775 3516 836 3575 eius
857 3515 991 3585 intentas,
1013 3515 1052 3573 ita
1072 3513 1193 3590 tegebat,

203 3647 238 3687 ne
259 3628 289 3686 in
307 3627 393 3686 ullius
414 3645 548 3705 umquam
567 3624 673 3684 veniret
684 3630 881 3701 conspectum
896 3623 936 3682 ita
950 3622 1080 3681 Christus
1093 3622 1193 3680 merito

202 3756 255 3796 suo
276 3735 512 3805 maledictionem,
534 3754 617 3814 quam
638 3733 752 3792 tabulae
773 3732 843 3810 legis
854 3751 933 3791 arcae
947 3731 1072 3790 inclusae
1082 3729 1193 3790 minita-

203 3844 322 3913 bantur,
353 3843 393 3901 ita
412 3841 484 3901 texit
504 3861 536 3901 ao
556 3841 684 3910 sustulit,
706 3840 796 3900 lactus
817 3860 868 3918 pro
892 3839 973 3898 nobis
997 3845 1194 3918 ἑπικαταράτοις

202 3958 303 4030 κατάρα
332 3947 395 4007 Gal.
427 3951 444 4006 3
476 3973 483 4006 ε
519 3951 569 4018 15,
603 3953 633 4006 ut
665 3946 742 4005 Deus
775 3966 808 4005 ea
828 3943 1059 4023 resipiscentibus
1082 3961 1114 4002 ao
1134 3962 1192 4002 cre·

203 4055 334 4115 dentibus
359 4056 389 4115 iu
410 4054 554 4115 Christum
574 4055 713 4133 imputare
735 4060 763 4113 et
784 4054 813 4113 iu
834 4055 928 4113 futuro
950 4051 1056 4111 iudicio
1076 4049 1105 4109 in
1127 4070 1191 4109 con·

201 4169 329 4241 spectum
348 4164 505 4241 producere
525 4162 623 4222 nolit.’'

245 4272 291 4331 Sic
324 4272 408 4331 ctiam
430 4271 602 4348 Carpzovius
623 4271 658 4329 de
680 4269 827 4349 operculo:
850 4269 976 4341 „ratione
995 4267 1090 4336 officii,
1124 4266 1195 4342 tegit

202 4386 230 4439 et
267 4379 362 4459 expiat
393 4385 509 4457 peccata
540 4385 650 4449 nostra,
681 4378 791 4438 tatione
822 4375 1051 4445 inhabitationis,
1083 4392 1193 4434 omnem

202 4488 408 4567 plenitudinem
440 4486 560 4549 Deitatis
590 4488 619 4546 in
648 4506 678 4545 se
710 4486 809 4558 habet,
830 4485 938 4545 ratione
959 4502 1095 4553 coronae,
1116 4479 1193 4558 regia

1061 4583 1077 4649 7
