3025 5275
677 657 717 721 25

557 972 753 1038 CAPUT
790 972 836 1038 Π.

242 1217 285 1283 De
308 1216 450 1295 Iudaeis,
474 1216 686 1302 δικαιοσύνην
708 1221 789 1284 Θεοῦ
813 1238 872 1282 oon
896 1216 1156 1304 consequentibus.

247 1508 369 1572 Praeter
401 1508 515 1588 fontes,
550 1508 662 1593 quibus
695 1508 810 1573 Gentes
843 1506 1007 1573 utebantur
1028 1507 1066 1571 ad
1089 1506 1190 1572 Deum
1272 1525 1278 1538 ’

203 1639 459 1727 cognoscendum,
500 1642 614 1727 quique
653 1641 791 1706 omnium
823 1642 983 1707 hominum
1017 1664 1191 1706 communes

203 1778 302 1852 erant,
325 1773 430 1838 Iudaei
454 1797 470 1838 e
492 1773 582 1839 Pauli
594 1774 743 1839 sententia
753 1775 836 1839 varia
846 1773 997 1840 habebant
1008 1775 1188 1862 privilegia,

203 1903 315 1990 quibus
338 1905 421 1970 Dens
443 1929 474 1971 se
495 1906 535 1971 iis
557 1906 772 1971 manifestavit.

659 2173 731 2257 sl.

274 2337 318 2403 De
340 2338 473 2415 rotiooe,
498 2360 559 2427 quo
585 2338 668 2405 Deos
691 2338 817 2405 ludaeis
841 2362 873 2405 se
896 2341 1118 2428 manifestavit.

249 2570 353 2653 Quum
375 2569 448 2659 Cap.
471 2572 507 2636 Π
529 2571 628 2659 Epist.
652 2569 690 2634 ad
712 2572 862 2636 Romanos
877 2572 1042 2660 Apostolus
1057 2573 1191 2639 ostendit

204 2704 333 2769 Iudaeos
355 2704 496 2770 similiter
515 2711 606 2789 atque
617 2704 733 2769 Gentes
744 2727 809 2769 esse
821 2705 1107 2790 ἀναπολογήτους,
1121 2706 1192 2791 quia

205 2838 287 2924 apud
315 2837 415 2902 Deum
449 2837 534 2901 nulla
561 2837 601 2900 sit
623 2834 904 2924 προσωποληψία,
928 2838 1019 2902 initio
1042 2837 1115 2925 Cap.
1138 2839 1192 2904 ΙΠ

204 2976 305 3035 movet
316 2971 535 3055 quaestionem:
549 2973 580 3034 τί
593 2965 650 3036 odo
660 2974 695 3035 τὸ
705 2975 854 3056 περισσὸν
869 2978 925 3037 τοῦ
939 2971 1095 3038 Ιουδαίου
1107 2979 1129 3055 ἤ
1140 2998 1189 3047 τις

204 3111 227 3188 ἦ
244 3101 385 3189 &patrio
404 3113 460 3186 τῆς
479 3111 651 3188 περιτομῆς
660 3132 669 3185 ;
693 3102 817 3167 Etenim
828 3102 973 3182 ludecano,
985 3104 1064 3168 lecta
1076 3103 1189 3190 superi·

205 3258 255 3300 ore
266 3235 486 3322 disputatione,
500 3234 638 3300 dubitare
648 3235 750 3322 potuit
761 3258 836 3299 num
848 3236 1010 3301 discrimen
1024 3243 1192 3323 superesset

204 3369 285 3435 inter
295 3369 443 3456 populum
455 3391 544 3433 suum
555 3375 586 3433 et
598 3368 722 3447 Gentes,
730 3373 799 3432 tum
811 3374 912 3433 autem
923 3390 1036 3453 rogare:
1046 3391 1191 3453 quaenam

205 3504 302 3589 igitur
326 3509 372 3567 est
392 3502 499 3568 Iudaei
520 3501 703 3589 praestantia
725 3501 774 3565 vel
798 3500 1037 3565 circumcisionis
1052 3501 1193 3566 utilitas?

249 3635 365 3701 Ambas
398 3635 587 3722 quaestiones
619 3633 702 3699 idem
734 3632 920 3718 significare,
956 3641 1086 3697 nonest
1110 3634 1192 3717 qnod

207 3769 352 3834 dicamus.
409 3768 486 3833 (tum
529 3768 663 3853 emphasi
700 3756 914 3854 respondetur:
961 3763 1063 3843 notat,
1109 3769 1193 3831 κατὰ

198 3985 379 3995 ...ι-...-

204 4111 338 4171 welchem
359 4131 389 4171 es
410 4112 734 4188 zusammengewachsen
755 4132 825 4180 war,
851 4114 912 4172 sich
932 4113 1055 4173 befreien
1074 4119 1196 4182 musste,

206 4241 282 4280 muse
307 4221 379 4280 auch
400 4220 431 4279 in
451 4221 583 4280 Betrscht
604 4239 727 4298 gezogen
748 4221 877 4291 werden,
899 4240 978 4279 wenn
990 4220 1198 4279 nlleMomente

205 4349 365 4389 zusammen
396 4348 563 4404 genommen
585 4327 696 4387 werden
717 4328 824 4397 sallon,
847 4327 894 4386 die
915 4327 970 4387 den
989 4328 1197 4406 vollsttndigen

204 4438 313 4518 Begriff
332 4437 381 4498 des
402 4439 516 4497 Wesens
538 4436 588 4498 der
610 4436 795 4500 heidnisohen
816 4436 948 4519 Religion
969 4435 1083 4519 geben?
