3025 5275
344 1152 389 1216 De
410 1152 460 1216 via
483 1162 511 1215 et
533 1153 651 1216 ratione
674 1171 736 1237 quc
762 1149 845 1215 licus
866 1149 967 1215 utitur
993 1149 1033 1214 σά
1057 1149 1135 1214 tuae
1157 1149 1309 1215 iustitiam

620 1284 653 1348 ia
676 1283 798 1349 homine
821 1282 1021 1372 afficiendam.

374 1505 433 1570 Sed
464 1507 554 1572 homo
588 1505 651 1571 suis
684 1505 801 1571 viribus
834 1506 912 1573 hanc
943 1506 1032 1574 fidem
1056 1507 1176 1608 assequi
1195 1505 1340 1591 nequit,

330 1662 406 1724 quae
436 1640 498 1705 sola
519 1645 566 1705 est
588 1640 732 1720 conditis,
757 1663 817 1726 qua
839 1641 922 1706 Deus
945 1663 1015 1705 eum
1037 1641 1154 1707 iustum
1177 1642 1319 1707 declarat.

328 1773 416 1838 Idem
438 1763 539 1853 Deus,
562 1773 649 1839 cuius
673 1775 788 1860 gratiae
810 1782 831 1858 η’
854 1773 1048 1861 δικαιοσύνη
1072 1781 1118 1841 est
1140 1775 1319 1858 tribuenda,

328 1906 400 1992 quia
414 1907 453 1972 ad
463 1907 553 1972 fidem
566 1930 635 1973 enm
647 1896 743 1989 ducit,
757 1908 850 1973 etiam
862 1908 942 1975 viam
954 1909 983 1974 ei
994 1909 1137 1991 ostendit,
1150 1933 1210 1996 qua
1221 1933 1321 1978 ueram

327 2040 478 2106 iustitiam
499 2046 707 2125 consequatur.
727 2042 872 2107 Haecvia
891 2048 937 2107 est
948 2042 1104 2123 Christus,
1116 2066 1177 2128 quc
1188 2044 1222 2108 in
1234 2067 1322 2110 mun·

324 2175 407 2239 dum
423 2173 572 2239 mittendo
594 2180 625 2239 et
643 2175 677 2239 in
695 2174 802 2261 primis
814 2176 905 2240 morti
915 2176 1061 2242 tradendo
1072 2178 1156 2242 Deus
1168 2201 1322 2243 summum

330 2307 378 2371 sui
400 2308 509 2372 amoris
532 2306 617 2372 dedit
635 2306 856 2373 v'documentum
881 2310 980 2395 (Bam.
1004 2310 1033 2372 V
1058 2337 1064 2374 ι
1085 2310 1218 2392 8,11ΠΙ
1231 2339 1238 2376 :
1253 2314 1317 2397 39).

375 2441 454 2508 “Ore
480 2441 514 2507 δὲ
539 2440 621 2524 ἦλθε
646 2448 683 2508 τὸ
707 2442 862 2530 πλήρωμα
887 2450 942 2511 τοῦ
967 2450 1100 2534 χρόνον,
1120 2467 1208 2510 suum
1222 2445 1322 2511 filium

328 2577 430 2658 misit,
465 2578 519 2663 qui
552 2584 641 2643 natus
675 2584 721 2644 est
754 2601 771 2643 e
803 2578 931 2644 muliere
965 2585 996 2645 et
1021 2578 1145 2666 quidem
1175 2577 1322 2666 sublege

331 2712 411 2797 (Gal.
433 2713 481 2778 IV
505 2741 512 2778 :
538 2715 589 2799 4),
625 2718 660 2780 ἐν
696 2717 877 2798 ὁμοιώματι
902 2718 1019 2800 σαρκὸς
1039 2716 1201 2800 ἁμαρτίας
1220 2713 1319 2797 (Rom.

327 2845 411 2911 VIII
447 2873 454 2911 :
490 2848 540 2930 3),
582 2845 616 2911 in
650 2845 852 2912 similitudine
882 2847 994 2912 cernis
1015 2847 1149 2934 peccati,
1184 2846 1321 2912 omnium

328 2978 488 3044 hominum
499 2978 611 3058 instar,
625 3001 714 3061 earne
725 2980 859 3046 humana
870 2979 1035 3068 praeditus,
1048 2981 1081 3047 in
1094 3003 1154 3065 qua
1164 2987 1322 3069 peccatum

330 3112 431 3177 sedern
465 3135 550 3177 suam
580 3112 725 3177 collocare
748 3113 841 3194 solet,
866 3136 926 3199 quc
946 3115 999 3180 ille
1018 3113 1169 3180 ¹immunis
1191 3115 1303 3181 mansit
1310 3144 1320 3196 ;

330 3249 364 3310 ἐκ
389 3246 569 3332 σπέρματος
594 3248 703 3312 Λανὶὸ
727 3253 813 3313 κατά
837 3255 958 3335 σάρκα,
981 3253 1124 3336 ὁρισθεὶς
1150 3253 1218 3327 υἱὸς
1240 3253 1320 3316 Θεοῦ

330 3384 365 3446 ἐν
401 3380 536 3464 δυνάμει
573 3385 658 3446 κατά
692 3388 819 3466 πνεῦμα
850 3386 1033 3468 ἁγιωσύνης
1058 3385 1092 3460 ἐξ
1115 3385 1321 3459 ἀναστάσεως

330 3516 453 3598 νεκρῶν
486 3511 626 3597 (1101111
649 3541 656 3578 :
682 3516 720 3592 3,
745 3516 790 3598 4).
839 3514 1031 3600 Quantopere
1055 3514 1092 3578 de
1116 3536 1207 3579 sensu
1228 3514 1322 3580 huius

329 3643 388 3708 loci
414 3642 584 3730 discrepent
606 3645 803 3732 interpretes,
828 3668 922 3724 nemo,
939 3645 1067 3730 ignorat.

374 3768 481 3843 Plures
512 3784 596 3845 κατά
624 3786 753 3864 πνεῦμα
777 3780 1009 3866 explicuerunt:
1045 3778 1160 3845 Christi
1183 3786 1322 3844 naturam

328 3910 479 3992 divinam,
503 3934 579 3996 quae
602 3936 672 3977 cum
695 3913 761 3977 Deo
785 3914 813 3977 ei
837 3919 901 3978 erat
924 3913 1093 3978 communis
1116 3921 1146 3978 et
1163 3937 1181 3978 a
1196 3913 1321 3978 caeteris

329 4045 504 4111 hominibus
527 4069 596 4111 eum
619 4045 845 4131 distinguebat,
870 4047 914 4111 ita
935 4053 971 4111 ut
987 4052 1071 4112 κατά
1088 4054 1190 4132 σάρκα
1207 4047 1322 4132 signifi·

330 4184 410 4242 caret
432 4179 497 4243 eius
511 4185 651 4243 naturam
665 4179 846 4258 humanam,
864 4179 951 4243 euius
966 4180 1117 4265 particeps
1133 4184 1196 4243 erat
1211 4177 1320 4242 factus,
1414 4192 1418 4197 ’
1497 4176 1498 4233 ἶ

374 4310 432 4375 Sed
465 4310 782 4389 animadvertendum,
819 4309 909 4375 verba
944 4317 1028 4377 κατὰ
1052 4318 1154 4397 σάρκα
1185 4311 1323 4398 opposita

227 4470 232 4477 ·
328 4442 516 4510 verbisuard
525 4455 651 4531 πνεῦμα
660 4465 827 4529 numquam
835 4443 1322 4530 significareuaturamhumenam
