3025 5275
803 695 843 755 20

377 884 460 966 Quid
493 883 600 949 enim?
642 888 697 949 τὸν
734 888 815 951 Θεὸν
847 885 906 971 οὐχ
940 887 983 960 ὠς
1008 887 1090 951 Θεὸν
1116 883 1319 966 ε’ὸὸξασανη

330 1020 589 1103 ηὐχαρίστησαν,
620 1039 682 1081 non
700 1016 800 1081 Deum
823 1013 1013 1079 celebrabant
1036 1021 1191 1100 tamquam
1214 1036 1318 1078 verum

330 1149 430 1214 Deum
462 1171 560 1233 neque
593 1148 725 1214 debitam
759 1148 787 1212 ei
821 1148 950 1233 gratiam
973 1145 1169 1226 tribuebant,
1193 1168 1237 1211 vs.
1263 1148 1316 1209 21.

330 1280 380 1347 Ab
409 1282 467 1346 hoo
487 1281 646 1346 hominum
667 1281 768 1346 animo
789 1282 908 1367 ingrato
935 1304 1005 1366 erga
1027 1281 1142 1360 Deum,
1171 1280 1225 1365 qui
1246 1301 1318 1366 prae

330 1414 470 1480 omnibus
503 1436 606 1478 eorum
638 1414 734 1499 gratia
768 1419 832 1479 erat
864 1413 990 1499 dignus,
1018 1414 1183 1500 Apostolus
1208 1412 1319 1500 repetit

329 1545 538 1612 idololatriam.
591 1546 669 1610 Tum
710 1545 792 1609 enim
827 1547 884 1611 οὐκ
922 1547 1119 1629 ἐδοκίμασαν
1151 1551 1208 1613 τὸν
1234 1550 1316 1613 Θεὸν

330 1680 416 1766 ἔχειν
434 1682 468 1743 ἐν
486 1682 657 1759 ἐπιγνώσει
669 1700 713 1742 vs.
728 1680 781 1757 28,
794 1677 875 1763 quod
886 1683 967 1742 recte
978 1679 1070 1743 vertit
1081 1679 1268 1764 Hengelius:
1284 1681 1315 1764 1)

331 1811 414 1890 pillis
447 1811 546 1875 visum
578 1834 639 1876 non
672 1816 735 1875 erat
761 1810 861 1875 Deum
882 1809 975 1875 talem
996 1810 1123 1890 habere,
1150 1811 1248 1895 qualis
1271 1817 1318 1875 est

328 1944 572 2030 agnoscendus”;
619 1943 669 2007 oui
712 1949 815 2007 tamen
852 1964 914 2007 non
951 1944 1133 2008 assentimur
1170 1944 1317 2011 addenti:

331 2076 556 2162 ''gradationem
582 2076 663 2140 enim
686 2075 828 2139 orationis
849 2074 981 2155 faeienS,
1005 2075 1089 2161 plus,
1114 2097 1205 2160 quam
1228 2098 1319 2162 supra

329 2209 427 2274 verbis
460 2206 623 2292 ἤλλαξαν,
657 2206 863 2292 μετήλλαξαν
899 2214 930 2272 et
965 2211 1188 2294 ἐσεβάσθησαν
1222 2229 1316 2273 enun-

329 2343 474 2421 oiaverat,
504 2340 553 2405 hle
583 2340 681 2404 dicere
711 2340 826 2420 voluit,
859 2340 1000 2405 videlieet
1022 2340 1074 2421 id,
1098 2341 1180 2425 quod
1202 2341 1318 2405 Gentes

272 2551 274 2556 s
329 2473 503 2560 depravatae
536 2478 675 2558 agerent,
710 2472 847 2537 consulto
880 2477 983 2536 actum
1006 2471 1102 2537 esse.”
1148 2471 1211 2536 Cur
1235 2473 1318 2536 enim

328 2606 430 2671 minus
459 2604 594 2671 consulto
625 2610 747 2690 agerent
776 2604 811 2669 in
832 2604 1102 2692 iisperfioiendis,
1128 2627 1204 2690 quae
1227 2628 1251 2670 s,
1276 2607 1318 2670 23

329 2745 359 2804 et
383 2742 422 2804 25
446 2743 666 2816 memorantur,
690 2760 752 2802 non
773 2738 987 2823 intelligimus.

371 2871 420 2935 Sic
442 2871 501 2934 Dei
523 2871 729 2950 immemores,
755 2869 904 2955 ἤλλαξαν
929 2880 988 2955 τὴν
1014 2873 1114 2949 δόξαν
1141 2873 1316 2958 ἀφθάρτου

329 3009 408 3072 Θεοῦ
446 3008 480 3070 ἐν
511 3008 689 3087 ὁμοιώματι
726 3009 850 3081 εἰκόνος
876 3012 1025 3091 φθαρτοῦ
1049 3010 1234 3091 ἀνθρώπου
1260 3011 1315 3071 καὶ

328 3143 485 3205 πετεινῶν
514 3143 568 3203 καὶ
600 3137 807 3224 τετραπόδων
837 3142 892 3202 καὶ
916 3143 1059 3224 ἑρπετῶν
1084 3162 1128 3203 vo.
1155 3142 1215 3218 23,
1241 3161 1318 3224 quae

327 3234 416 3337 μοι
437 3270 548 3358 paam
569 3269 704 3334 aaran
723 3292 739 3333 e
761 3269 882 3333 Psalmo
904 3268 977 3334 our
994 3297 1000 3334 2
1020 3273 1072 3334 ao.
1105 3269 1241 3334 oronam
1257 3269 1316 3333 ner

326 3403 566 3491 incorruptibilis
588 3401 764 3481 mutabant,
792 3424 854 3466 non
876 3403 978 3489 ipsum
998 3401 1153 3482 colebant,
1170 3401 1223 3466 sed
1237 3402 1316 3466 hano

327 3537 453 3625 gloriam
482 3535 635 3623 ponebant
666 3535 833 3620 infigura,
859 3557 935 3619 quae
957 3540 1080 3621 apparet
1098 3534 1131 3598 in
1155 3533 1316 3598 simulacro

329 3672 375 3755 (ut
404 3669 534 3757 explieat
557 3668 693 3752 Grotius)
717 3667 851 3732 hominis
874 3666 1081 3753 corruptibilis
1105 3673 1136 3730 et
1158 3665 1316 3730 volnerum

326 3814 357 3867 et
380 3801 609 3889 quadrupedum
628 3806 658 3865 et
681 3801 877 3887 serpentium.
923 3801 991 3865 Hoo
1013 3799 1230 3863 vilissimorum
1252 3797 1316 3861 ani-

325 3935 452 4000 malium
486 3941 573 3999 coetu
594 3934 628 3998 in
650 3934 757 4020 primis
782 3935 911 4021 spectari
933 3932 1156 4019 Aegyptiorum
1179 3930 1315 4010 oultnm,

325 4073 463 4155 apparet,
487 4073 621 4132 attamen
639 4089 738 4153 neque
762 4067 815 4132 alii
838 4067 944 4153 populi
967 4087 1089 4152 prorsus
1112 4063 1150 4129 ab
1174 4085 1209 4128 eo
1230 4069 1317 4129 erant

323 4312 496 4322 μ--ρ-ι

319 4542 326 4549 ,
366 4472 394 4547 1)
415 4469 435 4528 l.
451 4469 470 4530 l.
492 4488 555 4547 pag.
581 4471 646 4529 150.
