3025 5275
541 1453 863 1524 GUNSPECTUS.

632 1736 771 1750 Dan-*-

1136 1972 1187 2020 Peg.

211 2034 389 2094 Prooemium
410 2079 1062 2103 ..............
1107 2044 1165 2100 1-
1188 2045 1204 2098 9

510 2410 513 2418 ’
556 2407 651 2466 PARS
672 2408 687 2465 I
708 2407 837 2486 (Critiae)
860 2452 1063 2471 .....
1089 2411 1204 2467 10-60

212 2566 304 2625 Sentio
324 2567 346 2627 1.
390 2567 495 2624 Gentes
525 2571 552 2624 et
580 2566 679 2625 Iudaei
712 2572 879 2635 δικαιοσύνην
909 2578 975 2629 Θεοῦ
1007 2587 1063 2626 non

394 2675 538 2734 consecuti
561 2682 627 2734 suut
660 2720 1064 2736 .........
1089 2680 1206 2735 10-52

211 2783 303 2861 Caput
323 2783 346 2847 Ι,
388 2782 432 2841 De
456 2783 610 2855 Gentibus,
633 2762 801 2852 δικαιοσύ1ην
816 2796 882 2848 Θεοῦ
897 2805 953 2845 non
970 2805 1065 2845 eonse-

393 2889 546 2968 quentibus
561 2936 1063 2962 ...........
1087 2894 1206 2950 10-94

288 2997 301 3070 ᾗ
327 3000 350 3054 l.
396 2997 436 3053 De
464 2996 627 3076 rationeque
665 2998 739 3056 Deus
774 2998 904 3075 gentibus
926 3018 956 3057 se
978 2999 1065 3057 muni·

394 3104 536 3163 festaverit
556 3149 1058 3167 ...........
1083 3109 1204 3168 11-18

287 3211 349 3285 §m
390 3209 433 3268 De
461 3209 596 3270 Gentium
623 3210 787 3271 idololatria
815 3216 843 3271 et
869 3231 980 3271 morum
1001 3232 1064 3290 pre·

394 3318 515 3378 vitate.
558 3364 564 3378 .
608 3363 614 3377 .
656 3397 659 3401 <
660 3365 1066 3381 .........
1087 3322 1206 3379 19-24

211 3426 303 3505 Caput
322 3427 359 3487 II.
392 3428 433 3486 De
454 3427 583 3500 Iudaeis,
605 3433 776 3494 δικαιοσύνην
800 3439 866 3491 Θεοῦ
889 3422 947 3487 nou
968 3448 1062 3488 eonse-

395 3535 546 3614 queutibus
557 3580 1061 3596 ...........
1086 3538 1203 3594 25-45

288 3645 301 3718 ᾗ
325 3649 348 3702 1.
390 3643 444 3702 De
464 3643 572 3703 ratione
601 3664 657 3723 qua
684 3644 761 3713 Deus
788 3644 903 3703 Iudaeis
924 3664 955 3703 se
975 3644 1063 3703 mani·

393 3750 564 3814 festuverit.
608 3799 613 3811 .
657 3800 663 3814 .
706 3798 711 3811 .
756 3800 762 3812 .
807 3798 814 3812 .
857 3799 864 3812 .
906 3766 913 3812 “.
957 3799 963 3812 .
1006 3799 1013 3811 .
1056 3756 1203 3812 ,25-41

288 3862 347 3935 52.
390 3860 434 3919 De
454 3861 626 3921 Iudaeorum
650 3823 812 3921 conditione
830 3863 931 3922 morali
954 3908 960 3920 .
986 3906 1011 3949 Δ.
1055 3907 1060 3919 .
1084 3865 1203 3919 42-415

211 3966 303 4045 Caput
318 3967 373 4029 III.
395 3969 438 4027 De
465 3989 577 4040 caussa,
614 3990 663 4029 eur
692 3990 780 4047 genus
813 3971 968 4030 humanum
998 3974 1062 4028 aute

395 4076 538 4137 Christum
568 4082 736 4144 δικαιοσύνην
764 4089 830 4140 Θεοῦ
855 4098 912 4138 non
933 4064 1079 4137 eonseeu?
1111 4121 1115 4128 .

393 4191 455 4245 tum
477 4186 515 4244 sit
556 4231 1063 4250 ...........
1084 4190 1203 4244 46-52

210 4294 303 4356 Seetio
324 4295 363 4355 ΙΙ.
393 4280 498 4354 Paulus
539 4295 705 4372 religionem
745 4295 928 4355 christianum
967 4301 1063 4372 eontra

393 4404 595 4467 nonnullorum
617 4424 725 4466 errores
746 4404 872 4466 defendit
906 4450 913 4466 .
956 4450 963 4466 .
1006 4452 1012 4465 .
1055 4409 1204 4466 ,53-60

637 4571 750 4587 m
