3025 5275
794 654 857 747 roe

330 847 629 915 animadvertendum
651 870 715 915 esse
737 853 897 935 putemus,
920 848 1050 918 Paulum
1065 872 1153 916 versu
1167 833 1318 938 superiore

331 1005 475 1070 magnum
494 1002 738 1047 commemorasse
756 981 827 1047 fidei
846 988 1050 1063 momentum,
1066 983 1131 1049 Deo
1146 981 1316 1064 habendae,

330 1116 384 1202 qui
402 1117 506 1182 Iesum
524 1115 691 1181 Dominum
709 1120 848 1181 nostrum
866 1139 883 1181 e
902 1117 1029 1182 mortuis
1043 1118 1077 1183 in
1092 1118 1186 1183 vitam
1201 1140 1316 1183 revoca-

272 1307 274 1310 ,
330 1250 421 1332 verit3
455 1273 550 1336 quum
583 1250 679 1336 igitur
710 1256 813 1315 nostre
845 1250 976 1315 sectione
1004 1251 1080 1317 dicit
1101 1251 1257 1318 Christum
1278 1249 1317 1316 ob

235 1425 238 1431 ·
330 1391 432 1450 nostra
473 1390 594 1472 peccata
627 1384 718 1451 morti
751 1405 816 1448 esse
851 1382 1013 1464 traditum,
1048 1384 1139 1451 etiam
1172 1394 1317 1451 memorat

330 1517 395 1583 eius
423 1518 687 1597 resurrectionem,
718 1539 796 1603 quae
815 1516 851 1581 in
873 1516 946 1582 Iesu
967 1517 1031 1582 vita
1057 1541 1209 1585 summum
1225 1516 1316 1584 habet

329 1657 532 1730 momentum,
566 1673 664 1737 neque
693 1657 796 1716 tamen
825 1650 972 1724 efficacior
1000 1657 1063 1717 erat
1088 1675 1179 1738 quam
1202 1651 1317 1719 Christi

329 1806 409 1849 mors
431 1783 470 1849 ad
491 1784 645 1850 hominem
667 1807 766 1850 coram
789 1783 854 1849 Deo
876 1783 992 1850 iustum
1015 1784 1238 1853 declarandum.

373 1917 565 2004 Consequens
595 1925 657 1999 est,
687 1925 722 1984 ut
751 1919 825 1984 haec
854 1917 969 1985 Christi
996 1919 1075 2000 vita,
1098 1920 1133 1985 in
1154 1943 1214 2007 qua
1236 1942 1316 1987 mors

202 2119 203 2124 ,
330 2058 360 2118 et
392 2053 568 2118 resurrectio
600 2052 779 2140 primarium
816 2058 923 2117 tenent
955 2053 1082 2134 locum,'
1112 2053 1175 2120 vim
1207 2053 1317 2120 hebeat

329 2189 481 2276 egregiam
502 2189 537 2254 in
558 2186 715 2268 omnibus,
738 2186 852 2274 quibus
874 2188 984 2254 intima
1006 2211 1076 2254 cum
1098 2212 1134 2255 eo
1155 2188 1319 2255 intercedit

329 2322 535 2402 necessitudo,
558 2322 742 2409 omninoque
764 2321 809 2386 sic
832 2343 902 2388 cum
925 2344 959 2388 eo
982 2322 1081 2388 iuncti
1102 2330 1124 2407 ἡ
1146 2324 1254 2401 πίστις
1272 2327 1317 2399 εἷς

329 2463 475 2544 Χριστόν
499 2457 590 2522 ducat
611 2456 650 2540 ad
673 2463 732 2542 τὴν
756 2458 868 2523 πίστιν
893 2459 984 2524 Θεοῦ.

373 2590 423 2656 Sic
456 2588 576 2657 Christo
605 2590 704 2657 iuncti
734 2612 805 2657 cum
839 2611 874 2655 eo
902 2596 1024 2677 peccato
1055 2590 1204 2657 demortui
1227 2595 1316 2671 sunt,

328 2724 417 2791 liberi
450 2723 488 2790 ab
522 2725 588 2791 eius
620 2725 747 2813 imperio
759 2753 768 2806 3
804 2729 954 2810 quotquot
986 2724 1132 2813 baptismi
1165 2724 1228 2791 ritu
1251 2724 1317 2790 eius

329 2857 403 2922 socii
432 2863 505 2922 sunt
533 2856 624 2936 fecti,
655 2854 822 2922 necessario
851 2855 942 2920 etiam
965 2855 1127 2944 participes
1149 2854 1317 2920 redduntur

329 2990 393 3055 eius
425 2990 552 3070 mortis,
587 2988 704 3055 scilicet
734 2987 877 3068 moralis,
908 3010 968 3073 que
997 2988 1089 3053 semel
1119 2993 1241 3075 peccato
1271 2993 1317 3052 est

328 3121 510 3188 demortuus.
559 3123 657 3208 (Rom.
689 3121 736 3185 VI
767 3120 902 3207 passim).
949 3120 999 3185 Sic
1021 3126 1107 3185 vetus
1129 3121 1239 3201 homo,
1262 3121 1316 3206 qui

327 3260 450 3341 peccato
492 3253 659 3334 serviebat,
703 3275 774 3319 cum
815 3252 936 3319 Christo
977 3254 1061 3320 velut
1094 3255 1178 3319 cruci
1210 3255 1316 3321 affixus

328 3394 374 3454 est
409 3389 507 3474 (Rom.
541 3388 589 3453 VI
624 3415 631 3453 ι
667 3390 705 3466 6,
741 3385 1000 3473 Gal.11:19);
1031 3386 1110 3452 nihii
1133 3386 1265 3474 amplius
1286 3387 1316 3452 ei

327 3544 397 3587 oum
429 3520 543 3587 mundo
576 3542 735 3585 commune
768 3524 832 3599 est,
865 3519 899 3583 in
933 3542 994 3605 quo
1015 3526 1173 3607 peecatum
1195 3520 1316 3606 imperii

327 3654 428 3720 sedem
468 3653 573 3740 ponit,
614 3652 642 3717 ei
683 3652 844 3718 crucifixus
884 3659 949 3732 est,
966 3717 971 3729 ,
988 3660 1025 3718 ut
1057 3653 1193 3753 vicissim
1227 3676 1314 3718 mun-

327 3787 384 3851 dus
413 3784 529 3851 Christi
558 3784 708 3871 discipulo
740 3785 823 3876 (Gal.
853 3786 901 3851 VI
937 3813 943 3851 :
981 3788 1046 3872 14).
1093 3785 1171 3850 Cum
1193 3784 1315 3850 Christo

326 3926 462 3985 mortuus
473 3969 483 3999 ‚
515 3919 606 3984 etiam
640 3941 710 3984 cum
743 3941 778 3984 eo
812 3919 846 3984 in
875 3919 969 3985 vitam
1001 3917 1210 4001 revocabitur3
1237 3941 1314 3984 mor·

326 4059 398 4117 tuus
438 4058 559 4116 tantum
600 4058 646 4116 est
688 4058 834 4138 peccate,
875 4052 927 4117 sed
961 4053 1025 4117 eius
1059 4052 1123 4116 vita
1156 4052 1217 4116 iam
1250 4050 1316 4116 Deo

326 4187 385 4251 erit
417 4185 516 4250 dicate
550 4185 648 4271 (Rom.
679 4185 750 4271 VI).
811 4183 971 4250 Liberatus
1003 4208 1021 4249 a
1055 4184 1199 4271 peccandi
1232 4185 1314 4272 prin-

326 4320 427 4405 cipio,
469 4341 546 4383 novo
587 4318 709 4384 domino
754 4319 868 4400 servit,
911 4328 951 4405 τῇ
982 4319 1202 4407 δικαιοσύνῃ,
1239 4341 1316 4404 quae

325 4450 364 4518 ad
405 4449 500 4515 vitam
541 4450 627 4514 ducit
670 4451 769 4538 (Rom.
803 4449 857 4517 VI
892 4476 899 4515 :
936 4448 1003 4539 18).
1060 4447 1181 4518 Christo
1214 4471 1312 4516 veram
