3025 5275
659 688 699 752 86

227 881 287 947 His
329 881 471 960 monitis,
505 879 543 946 ad
575 880 645 946 fidei
678 886 820 947 naturam
849 882 907 947 rite
937 883 1173 968 cognoscendam

175 1013 265 1079 ‘haud
301 1014 465 1099 requiritur
499 1019 535 1079 ut
572 1020 702 1080 caeteros
737 1015 864 1096 deside,
888 1023 943 1100 τῆς
967 1015 1175 1102 δικαιοσύνης

155 1164 157 1168 ’
182 1146 372 1226 conditione,
395 1146 477 1212 locos
503 1146 667 1232 diligenter
689 1148 895 1235 exploremus:
924 1148 1028 1236 paucis
1053 1154 1174 1213 tantum

181 1303 232 1346 eos
253 1287 380 1345 tractore
403 1279 498 1346 lubet.

224 1413 320 1479 Initio
350 1414 493 1501 epistolae
524 1413 562 1479 ad
590 1415 741 1479 Romanos
769 1414 884 1479 Paulus
911 1437 981 1479 cum
999 1412 1173 1480 'lectoribus
1285 1447 1289 1455 ¹

180 1548 363 1614 desiderium
412 1548 614 1614 communicat
654 1549 693 1613 iis
734 1549 940 1635 Euangelium
983 1549 1171 1614 nunciandi:

176 1684 280 1771 ipsum
312 1684 395 1748 enirn
427 1683 519 1748 huius
552 1682 714 1768 Euangelii
747 1705 810 1748 non
843 1682 994 1769 pudebat,
1027 1683 1099 1767 quia
1127 1691 1173 1747 est

179 1819 329 1902 δύναμις4
353 1821 433 1885 Θεοῦ
468 1823 513 1894 εἷς
547 1820 729 1904 σωτηρίαν,
766 1824 812 1881 est
845 1817 948 1882 efficax
977 1816 1017 1882 ad
1044 1816 1172 1881 salutem

178 1949 344 2033 unicuique
365 1949 614 2036 impertiendam,
639 1949 693 2035 qui
715 1948 806 2014 fidem
828 1947 937 2028 habet,
960 1949 1046 2014 nulio
1068 1948 1172 2013 discri-

178 2086 262 2152 mine
282 2085 362 2150 facto
384 2086 465 2149 inter
486 2083 614 2149 Iudaeos
641 2088 672 2148 et
694 2083 820 2149 Gentes.
844 2083 913 2148 Hoc
935 2081 1042 2168 probat
1065 2106 1089 2147 s.
1108 2085 1171 2148 17:

179 2220 309 2300 etenim,
346 2219 466 2303 inquit,
510 2217 544 2282 in
588 2217 646 2282 hoc
686 2215 858 2301 Euangelio
902 2214 1170 2308 ἀποκαλύπτεται

180 2353 372 2438 δικαιοσύνη
407 2355 487 2419 Θεοῦ
523 2354 557 2415 ἐκ
592 2352 727 2426 πίστεως
755 2353 800 2425 εἷς
832 2351 962 2423 πίστιν,
995 2349 1069 2414 haec
1100 2371 1170 2413 vera
1196 2395 1200 2406 ι

177 2486 313 2566 iustitia,
360 2507 436 2570 quae
478 2483 543 2549 Deo
587 2484 704 2569 placet,
750 2484 855 2569 patefit
893 2482 1079 2567 unicuique,
1117 2482 1171 2566 qui

178 2619 269 2686 fidem
302 2618 394 2686 habet
404 2671 414 2701 ,
442 2625 473 2685 et
495 2642 530 2685 eo
550 2617 671 2697 tendit,
697 2622 733 2682 ut
754 2617 844 2683 homo
866 2616 900 2683 in
923 2616 981 2682 fide
1003 2617 1103 2698 vivat3
1127 2622 1173 2682 est

179 2753 276 2841 igitur
298 2754 372 2820 fides
395 2752 538 2832 conditio,
561 2774 621 2837 qua
642 2751 822 2818 homchanc
842 2751 1054 2838 decorandum
1073 2756 1171 2833 Θεοῦ,

180 2887 373 2972 caeteroquin
400 2887 428 2952 ei
447 2885 617 2966 obtectam,
641 2885 744 2950 videre
767 2885 873 2970 possit.
921 2885 1011 2966 Quod
1033 2885 1112 2951 valet
1135 2886 1172 2950 de

180 3015 322 3082 omnibus
356 3022 541 3083 πισταίοοσι
579 3016 643 3101 (ΙΠ
675 3043 682 3081 :
715 3019 791 3101 22):
828 3020 874 3079 est
907 3015 989 3080 idern
1011 3014 1095 3081 Deus
1118 3017 1172 3101 qui

179 3150 297 3215 iustum
319 3149 451 3215 declarat
470 3155 534 3214 tam
556 3157 732 3235 περιτομήν
756 3171 847 3234 quarn
871 3150 1116 3237 ἀκροβυστίαν,
1142 3157 1172 3215 et

180 3284 305 3370 quidem
329 3284 384 3350 διὰ
409 3292 463 3366 τῆς
487 3285 622 3360 πίστεως
650 3284 704 3368 (vs.
733 3285 794 3362 28,
821 3284 886 3367 30).
933 3282 1005 3347 Sine
1031 3284 1088 3348 hac
1113 3283 1173 3348 fidc

177 3441 277 3503 neque
308 3416 500 3482 Abrahamus
535 3440 552 3481 a
584 3417 649 3480 Deo
683 3421 762 3480 esset
794 3414 954 3502 probatus,
987 3438 1085 3501 neque
1108 3417 1173 3481 eius

177 3552 235 3617 filii
266 3550 376 3638 (Caput
398 3551 468 3635 IV).
515 3550 590 3615 Eius
624 3571 680 3636 ope
709 3550 841 3628 Gentes,
866 3570 1049 3637 quamquam
1071 3548 1170 3634 probi·

178 3692 273 3750 tatem
305 3707 367 3748 non
400 3682 672 3770 persequebantur,
696 3705 763 3747 eam
786 3688 937 3746 assecutae
957 3676 1042 3762 sunt,
1066 3688 1170 3747 contra

177 3818 302 3898 Iudaei,
337 3841 403 3883 eam
436 3823 628 3905 appetentes,
662 3817 739 3881 iiiuc
772 3839 834 3881 non
856 3823 1070 3903 pervenerunt,
1100 3817 1194 3901 quia‘

175 4054 247 4114 ticae
279 4052 471 4132 disquisitioni
493 4054 543 4112 has
564 4053 715 4113 sententias
734 4052 855 4115 subiecit
875 4053 956 4112 Dect.
979 4053 1099 4130 Berlage
1120 4053 1137 4111 l.
1152 4053 1171 4112 1.

175 4183 239 4241 pag.
262 4165 391 4220 35-59.

217 4270 273 4329 co.
303 4269 388 4329 etiam
420 4269 493 4331 Olor.
525 4268 690 4346 Muurling:
723 4286 787 4328 σοον
819 4270 865 4326 ret
896 4269 992 4345 peleos
1018 4286 1070 4326 οοο
1092 4286 1173 4326 coreo

175 4379 252 4436 Heer
281 4377 308 4436 J.
340 4378 388 4448 ·0.‚
419 4376 450 4436 in
482 4376 573 4436 diario
603 4375 756 4436 Woortcid
775 4377 804 4436 tu
824 4376 922 4454 Liesdc
945 4377 1022 4435 1852
1042 4374 1083 4433 IV
1105 4393 1168 4453 pag.

176 4487 347 4548 ott-695.
