3025 5275
813 663 854 732 74

335 864 356 938 ἤ
389 860 497 935 πίστις
531 858 695 942 λογίζεται
731 864 776 938 εἷς
811 861 1055 947 δικαιοσύνηνῖ)
1080 865 1110 948 1)
1158 862 1324 928 Videamus

336 991 469 1078 primum
492 991 529 1057 de
545 992 638 1074 locis,
662 993 774 1079 quibus
794 998 901 1074 πίστις
921 1001 952 1060 et
975 1002 1139 1065 πιστειΙειιι
1164 1003 1326 1064 occurrunt

335 1123 471 1190 absolute
493 1126 600 1213 posita.

379 1259 498 1334 Πίστις
528 1279 756 1344 nonnumquam
785 1259 936 1346 significat
965 1261 1145 1348 religionem
1176 1261 1325 1327 Christia-

334 1412 431 1456 nam:
466 1392 510 1456 sic
531 1391 645 1457 Paulus
668 1393 737 1457 Gal.
753 1394 772 1458 I
789 1421 796 1458 z
815 1397 856 1458 23
881 1393 957 1459 dicit
977 1395 1158 1460 Iudaeorum
1174 1395 1325 1460 Ecclesiae

334 1524 483 1610 accepisse
516 1548 602 1605 eum,
636 1525 690 1611 qui
722 1532 811 1591 antea
844 1549 893 1591 eos
926 1535 1100 1614 persecutus
1124 1533 1219 1608 esset,
1243 1551 1326 1593 nunc

333 1656 514 1723 denunciare
537 1666 596 1743 τὴν
618 1662 729 1725 πίστιν
753 1665 794 1743 ἣν
817 1686 895 1726 ποτε
914 1665 1046 1747 ἐπόρθει
1056 1691 1066 1742 ,·
1084 1662 1158 1728 IH:
1175 1665 1215 1727 23
1233 1668 1264 1727 et
1283 1666 1323 1727 25

334 1794 441 1868 πίστις
453 1796 483 1856 et
495 1798 591 1875 τόμος
604 1792 662 1857 sibi
675 1799 878 1880 opponuntur,
891 1800 1040 1878 quatenus
1052 1795 1127 1860 alter
1139 1794 1178 1860 ad
1189 1795 1323 1860 Iudaeis·

332 1947 417 1990 mum
450 1925 637 2013 pertinebat,
671 1926 765 1990 altera
798 1948 892 1991 novae
923 1926 1081 2013 religionis
1104 1934 1167 1993 erat
1189 1929 1325 2016 propria;

334 2059 457 2125 tandem
489 2059 537 2126 VI
573 2088 580 2127 ε
613 2064 653 2125 10
687 2059 854 2125 Christiani
889 2059 1032 2125 dicuntur
1063 2065 1094 2126 οἱ
1125 2060 1239 2127 οἵκεισι
1268 2069 1324 2145 τῆς

335 2196 481 2269 πίστεως.

379 2325 507 2407 Quando
526 2326 690 2414 Apostolus
709 2326 748 2391 ad
770 2327 920 2392 Romanos
944 2326 1050 2391 scribit
1075 2329 1103 2412 (Ι
1121 2332 1135 2393 ':
1162 2331 1192 2413 8)
1218 2351 1250 2393 se
1260 2328 1325 2393 Deo

334 2481 388 2523 sno
421 2460 532 2545 gratias
564 2482 651 2546 agere
684 2482 738 2546 per
767 2461 871 2524 Iesum
913 2459 1087 2541 Christum,
1113 2461 1195 2547 quod
1222 2484 1325 2526 corum

211 2610 215 2624 “
334 2594 407 2660 fides
443 2594 544 2661 ubivis
577 2594 760 2691 celebretur,
794 2616 857 2660 non
890 2617 961 2660 sane
994 2595 1109 2682 cogitat
1142 2595 1179 2661 de
1213 2596 1325 2661 mentis

334 2729 540 2817 persuasione,
576 2727 674 2814 qualis
705 2727 891 2816 conspicitur
920 2727 954 2792 in
981 2729 1150 2814 Euangelio
1177 2753 1231 2817 pro
1256 2753 1326 2795 vero

332 2860 480 2944 habendo.
526 2860 650 2927 Etenim
678 2861 751 2926 haec
784 2861 812 2926 ei
842 2884 904 2926 non
925 2868 1042 2927 tantam
1065 2863 1222 2928 materiem
1243 2887 1325 2951 prae·

333 2992 449 3059 buisset
479 2995 544 3060 Deo
572 2995 683 3081 gratias
714 2994 835 3080 agendi.
881 2995 998 3060 Pariter
1032 3018 1067 3060 ac
1100 3020 1145 3061 vs.
1170 3000 1231 3077 12,
1265 3019 1325 3082 quo

333 3125 399 3191 loco
433 3127 508 3193 dicit
540 3150 571 3191 se
605 3128 731 3212 flagrare
765 3126 913 3192 desiderio
947 3129 1097 3193 Romanos
1131 3128 1268 3209 visendi,
1290 3135 1327 3194 nt

334 3266 440 3325 mutua
475 3259 534 3325 fide
570 3260 702 3325 invicem
735 3259 909 3346 erigantur,
950 3261 1101 3347 significat
1140 3262 1327 3350 principium

374 3603 402 3676 1)
422 3602 491 3660 Ven.
505 3601 638 3661 Wernink
651 3604 840 3680 (Eaepetiacte
850 3605 963 3664 Studien
974 3624 1037 3664 orer
1050 3615 1139 3675 πίστις
1152 3624 1185 3664 en
1199 3614 1327 3669 πιστεύειν

329 3712 358 3768 in
379 3710 423 3767 rer
444 3709 480 3769 N.
503 3710 547 3787 P.)
569 3710 689 3769 affirmat
711 3712 856 3771 notionem
877 3725 923 3775 τοῦ
946 3723 1077 3777 πιστεύειν
1093 3714 1186 3773 ubivis
1200 3715 1230 3774 in
1243 3714 1280 3773 N.
1296 3715 1329 3774 Τ.

331 3837 416 3877 unam
446 3817 620 3897 eandemque
651 3839 728 3891 esse,
761 3821 905 3890 credendi,
936 3841 989 3900 pro
1018 3841 1081 3882 cero
1102 3823 1228 3882 habendi.
1271 3823 1326 3882 sed

331 3925 464 4005 quoniam
486 3945 509 3985 c.
530 3946 553 3985 c.
569 3946 634 4003 pag.
658 3931 693 3985 23
719 3927 805 3986 dicit:
832 3949 916 4000 „rnen
937 3930 1012 3989 heeft
1033 3931 1080 3989 het
1100 3930 1326 4007 geloofalreene

330 4033 489 4092 bezieleude
509 4033 622 4103 kraoht‚
643 4055 694 4094 een
716 4036 786 4094 door
801 4038 870 4095 alles
882 4038 1132 4114 heendringenden
1143 4039 1328 4121 zuurdeesem

331 4143 391 4201 zich
412 4162 481 4226 voor
501 4148 529 4200 te
550 4142 686 4212 stellen‚''
706 4148 733 4201 et
753 4164 818 4222 pag.
843 4147 899 4202 26:
925 4150 985 4216 „tot
1007 4146 1181 4205 behoudenis
1204 4146 1254 4205 der
1275 4147 1330 4206 niel

330 4250 421 4309 wurdt
443 4269 494 4308 een
516 4250 613 4326 geloof
631 4250 785 4321 vereischt‚
806 4250 826 4309 't
837 4252 908 4310 welk
930 4254 991 4312 rich
1013 4254 1042 4312 in
1069 4254 1123 4313 den
1148 4256 1263 4314 mensch
1285 4256 1328 4314 als

330 4377 380 4416 eeu
411 4357 512 4416 levend
533 4357 660 4434 beginsel
682 4359 749 4419 doet
769 4359 879 4418 hennon
890 4359 917 4430 ,''
942 4360 1018 4420 haud
1042 4361 1100 4421 scio
1121 4382 1157 4421 an
1179 4362 1241 4440 ipse
1262 4381 1328 4421 con·

329 4465 423 4537 cedat,
445 4464 529 4527 talem
548 4465 615 4527 fidei
638 4466 784 4528 notionem
806 4487 862 4527 non
887 4468 1022 4531 sufficere.
