3025 5275
658 651 699 720 13

522 976 743 1046 SEOTIO
782 981 827 1047 Π.

215 1240 334 1308 Paulus
356 1241 536 1329 religio-aem
562 1242 770 1308 Christianam
794 1255 898 1309 contre
921 1245 1138 1314 recreandarum

532 1415 651 1459 errores
674 1394 824 1483 defendit.

141 1713 144 1718 ,
225 1639 356 1705 Paulum
387 1642 505 1729 saepius
539 1642 573 1706 in
606 1642 742 1730 epistolis
779 1643 942 1709 defensoris
976 1650 1075 1731 partes
1109 1668 1172 1708 sus-

178 1773 308 1860 cepisse,
342 1797 431 1839 nemo
461 1775 590 1861 ignorat.
637 1775 812 1860 Aliquando
836 1777 955 1863 seipse
977 1800 1121 1861 suamque
1143 1784 1174 1843 et

180 1907 291 1993 agendi
315 1914 345 1972 et
367 1908 502 1972 muueris
525 1908 695 1995 Apostolici
711 1906 844 1973 obeundi
860 1910 1006 1974 rationem
1022 1909 1173 1989 defendit,

179 2061 242 2125 quo
278 2062 403 2105 munere
439 2040 580 2105 nonnulli
614 2063 683 2104 eum
713 2040 877 2126 indignum
915 2041 1090 2107 iudicabant
1097 2071 1106 2123 ;
1145 2048 1176 2106 et

180 2174 293 2261 quibus
321 2176 432 2255 forma,
463 2197 524 2261 qua
553 2175 718 2261 Apostolus
750 2176 954 2261 Euangelium
977 2200 1066 2241 suum
1092 2199 1174 2263 prae·

180 2308 318 2388 dicabat,
357 2332 419 2373 non
460 2309 532 2374 satis
571 2309 750 2396 philosopha
791 2310 966 2391 videbatur,
1013 2311 1052 2376 iis
1092 2312 1174 2376 haud

180 2442 364 2529 obloquens,
389 2443 422 2509 id
443 2443 569 2509 minime
592 2443 625 2507 in
649 2443 811 2529 Euangelii
835 2444 1051 2509 detrimentum
1076 2445 1173 2510 afferri

180 2598 268 2665 posse
301 2576 444 2642 ostendit.
499 2575 557 2642 Sed
590 2576 647 2642 hac
677 2576 726 2642 via
756 2576 888 2643 Paulum
916 2601 977 2644 uon
1001 2579 1171 2665 sequimur:

181 2717 320 2777 nostrum
350 2711 432 2776 enim
461 2710 621 2775 consilium
645 2717 777 2774 nonest
802 2734 871 2776 eum
893 2713 997 2778 audire
1020 2736 1051 2778 se
1072 2714 1174 2800 ipsum

180 2846 229 2912 vel
262 2868 374 2911 munus
401 2842 490 2910 suum
514 2842 725 2931 Apostolicum
752 2843 978 2926 defendentem,
1002 2846 1055 2911 sed
1076 2847 1174 2911 vindi-

182 2986 301 3044 cantem
331 2978 434 3066 ipsum
460 2977 557 3057 illud,
586 2977 665 3062 quod
688 2978 934 3059 commendabat,
959 2980 1172 3066 Euangelium.

183 3112 307 3177 Etenim
336 3133 432 3195 quum
462 3109 656 3196 exposuimus
691 3132 750 3195 qua
778 3111 893 3177 rationo
916 3112 1049 3192 Paulus,
1073 3135 1176 3199 aggre-

184 3246 297 3312 dientis
319 3244 432 3323 instar,
456 3242 626 3308 ostenderet
641 3249 772 3309 caeteras
787 3246 950 3330 religiones
965 3246 1003 3310 ad
1017 3246 1176 3324 hominum

184 3379 313 3445 salutem
346 3400 407 3442 uon
439 3376 589 3456 sufficere,
624 3377 700 3457 iam,
724 3385 886 3462 antequam
909 3377 947 3442 ad
970 3377 1094 3442 alteram
1117 3376 1176 3441 dis·

184 3508 359 3595 quisitionis
392 3513 511 3572 nostrae
544 3514 660 3593 partem
694 3514 898 3587 transcamus,
934 3507 987 3572 ubi
1021 3507 1178 3594 religionis

186 3643 366 3709 christianae
392 3641 606 3729 praestantiam
629 3641 822 3728 spectandam
845 3641 1073 3729 praebebimus,
1100 3642 1177 3706 duce

186 3776 333 3864 Apostolo
355 3775 509 3840 videamus
531 3774 680 3859 quomodo
702 3774 919 3839 nonnullorum
941 3796 1053 3839 errores
1069 3775 1178 3838 refuta-

187 3911 281 3989 verit,
305 3910 467 3996 ipsumque
490 3907 693 3992 Euangelium
716 3908 815 3973 tuitus
838 3906 875 3972 ab
898 3908 937 4015 iis
961 3907 1018 3986 sit,
1041 3906 1094 3991 qui
1118 3915 1177 3990 τὴν

188 4044 369 4110 ἀνάστασιν
417 4044 540 4126 νεκρῶν
587 4039 749 4125 negabant.
811 4040 869 4104 Sed
907 4040 1039 4125 primurn
1076 4038 1180 4125 paucis

188 4174 341 4260 inquirere
381 4173 483 4252 iuvat,
526 4173 650 4257 quinam
690 4172 788 4258 ipsam
825 4178 970 4257 negarent
1002 4170 1180 4255 qualemque

190 4309 371 4374 ἀνάστασιν
394 4305 509 4369 Paulus
530 4303 725 4369 intellexerit.
855 4300 862 4321 “

237 4441 371 4540 Quinam
404 4443 505 4509 esseut
536 4439 598 4507 illi
620 4441 724 4527 τίνες,
760 4460 835 4537 quos
864 4438 977 4504 Paulus
1007 4435 1083 4504 dicit
1104 4458 1181 4517 mor·
