3025 5275
758 992 829 1078 aa.

502 1227 549 1295 De
574 1228 756 1295 Iudaeorum
780 1227 949 1295 conditione
973 1229 1093 1295 morali.

349 1522 647 1623 Animadvertimus,
669 1522 800 1588 Paulum
822 1521 944 1588 Iudaeis
967 1523 1048 1598 varia
1071 1522 1213 1588 tribuisse
1226 1522 1295 1588 *iura

305 1654 442 1740 egregia,
465 1676 541 1739 quae
563 1677 581 1717 a
602 1653 666 1718 Deo
685 1675 755 1739 prae
776 1652 928 1719 Gentibus
940 1654 1142 1741 accepissent,
1156 1656 1189 1719 in
1200 1654 1294 1720 hisin

304 1785 410 1872 primis
433 1790 472 1850 τὰ
496 1784 590 1866 λόγια
613 1792 669 1851 τοῦ
694 1788 774 1852 Θεοῦ
799 1791 830 1849 01
851 1775 928 1864 alia,
945 1807 1022 1870 quae
1041 1792 1186 1852 memorat
1204 1787 1299 1852 Rorn.'
1414 1865 1416 1868 v

305 1918 378 1984 IX:
396 1923 433 1998 4,
452 1921 481 1984 5.
507 1920 611 2001 Quum
630 1924 730 1983 autern
741 1924 829 1983 antea
840 1918 917 1983 duce
928 1920 1076 2004 Apostolo
1087 1918 1291 2005 probavimus,

305 2052 452 2117 Gentium
485 2058 607 2139 peccata
629 2052 764 2117 excusari
786 2075 848 2117 non
870 2074 973 2139 posse,
998 2053 1071 2138 quia
1093 2054 1176 2119 Deus
1199 2078 1230 2119 se
1253 2054 1293 2118 iis

305 2186 559 2266 manifestaverat,
583 2186 644 2251 iam
665 2186 821 2251 videamus
845 2186 883 2250 de
901 2185 1039 2266 Iudaeis,
1063 2188 1117 2270 qui
1140 2209 1174 2251 eo
1196 2188 1294 2273 magis

305 2325 389 2382 erant
422 2317 682 2400 deauctoraret,
720 2319 791 2403 quia
828 2318 861 2382 in
895 2341 944 2382 eos
978 2326 1024 2383 tot
1045 2318 1189 2384 beneficia
1211 2326 1295 2385 erant

306 2452 431 2532 collata,
454 2451 702 2536 quibus‘Gentes
724 2458 810 2517 erant
833 2452 1005 2518 destitutae.

349 2585 476 2667 Paulus,
500 2586 587 2652 Rom.
612 2586 677 2653 II:
704 2588 743 2654 17
770 2609 836 2672 sqq.
885 2586 1012 2653 Iudaeos
1028 2539 1198 2672 alloquens,
1214 2588 1296 2651 varia

306 2719 391 2786 affert
413 2720 524 2805 quibus
546 2720 595 2785 issi
618 2718 845 2805 gloriabantur:
869 2720 973 2805 magni
995 2718 1146 2784 faciebant
1167 2742 1294 2800 nomen,

305 2854 387 2938 quod
420 2877 491 2940 prae
524 2877 555 2919 se
589 2853 736 2934 forebant,
772 2854 968 2933 Iudaeorum,
1001 2853 1231 2939 acquiescebant
1261 2855 1295 2920 in

305 2987 389 3074 lege,
420 3012 451 3053 se
473 2986 632 3054 efferebant
655 2987 866 3063 communione
887 2966 967 3052 111101
986 2987 1087 3052 Deum
1102 2994 1133 3052 et
1147 2989 1295 3075 populum

305 3143 411 3200 suum,
450 3121 515 3185 eius
549 3121 734 3185 voluntatem
770 3119 989 3205 cognoscebant
1023 3127 1054 3184 et
1089 3120 1132 3183 sic
1166 3119 1245 3185 bona
1277 3145 1295 3185 a

305 3253 393 3318 malis
439 3252 662 3333 discernebant,
709 3252 824 3340 quippe
869 3252 922 3336 qui
967 3253 1035 3339 lege
1077 3253 1294 3335 edocebantur,

305 3388 380 3474 ipsis
412 3409 588 3474 persuasum
622 3394 685 3451 erat
719 3408 750 3449 se
784 3385 876 3450 duces
903 3408 967 3450 esse
989 3407 1162 3466 coecorum,
1194 3388 1295 3455 lucem

305 3544 408 3586 eorum
431 3521 484 3606 qui
508 3522 634 3584 suntin
655 3519 805 3598 tenebris,
830 3520 933 3604 quales
955 3527 1040 3584 erant
1062 3522 1194 3601 Gentes,
1220 3522 1295 3587 insi·

304 3654 455 3741 pientiurn
482 3654 657 3739 magistros,
688 3654 852 3718 infantium
884 3653 1037 3732 doctores,
1069 3656 1140 3738 quia
1170 3655 1205 3719 11
1228 3656 1296 3742 lege

305 3787 457 3852 habebant
486 3793 545 3871 τὴν
576 3786 737 3873 μόρφωσιν
768 3788 952 3872 cognitionis
979 3794 1009 3851 et
1040 3788 1186 3853 veritatis.
1234 3790 1295 3854 His

306 3920 447 3986 omnibus
479 3921 594 3986 Paulus
624 3920 702 3984 nihil
726 3921 866 4007 opponit,
890 3921 1026 4006 ipsorum
1047 3921 1114 3984 iura
1135 3922 1295 4009 praecipua

306 4055 345 4119 iis
386 4077 449 4119 non
491 4061 600 4139 negat,
647 4076 744 4138 neque
781 4052 932 4140 improbat
964 4077 1014 4118 eos
1048 4054 1121 4118 haee
1155 4054 1188 4118 in
1222 4055 1295 4119 alio·

306 4210 375 4251 rum
407 4209 498 4251 usum
524 4192 695 4251 convertere
717 4186 857 4250 voluisse.
907 4186 991 4267 Quid
1013 4188 1108 4251 vero?
1142 4210 1181 4251 an
1203 4187 1293 4266 haec,

179 4376 182 4379 ,
305 4319 416 4404 quibus
453 4318 676 4406 gloriabantur,
712 4341 789 4403 quae
822 4319 896 4384 alios
931 4318 1092 4398 docebant,
1128 4341 1178 4383 eos
1212 4320 1294 4406 ipsos

305 4455 435 4519 intactos
469 4453 671 4538 relinquunt?
717 4454 837 4520 Ironice
862 4454 959 4540 igitur
985 4454 1133 4522 Iudaeum
1156 4453 1295 4519 0100110-
