3025 5275
779 676 843 742 los

316 870 498 959 Apostolum
531 870 717 958 perspexisse
749 876 818 936 tum
852 869 975 935 aliunde
1010 869 1216 957 intelligitur,
1240 874 1307 935 tum

317 1004 417 1078 etiam,
448 1004 520 1069 inde
554 1009 677 1092 apparet
711 1003 794 1090 quod
827 1003 945 1090 saepius
980 1024 1029 1068 eos
1061 1002 1237 1069 adhortatur
1269 1023 1309 1066 ne

318 1145 474 1225 peccatum
505 1138 637 1226 amplius
662 1136 722 1203 sibi
741 1139 887 1226 imperare
910 1138 1033 1217 sinant,
1057 1137 1110 1203 sed
1134 1144 1169 1201 ut
1191 1136 1256 1202 Deo
1278 1140 1310 1200 et

318 1270 453 1335 iustitiae
476 1271 609 1335 serviant
633 1272 730 1355 (Rom.
750 1270 798 1334 VI
824 1297 830 1335 :
857 1274 919 1349 12,
945 1270 1005 1349 13,
1031 1272 1096 1355 19).
1121 1266 1310 1333 Sedetiamsi

318 1401 396 1467 hanc
426 1401 540 1469 Christi
563 1399 706 1489 discipuli
730 1401 952 1481 conditionem,
976 1426 1067 1489 quam
1089 1425 1126 1467 ex
1148 1401 1238 1467 Pauli
1260 1423 1310 1466 ore

318 1533 506 1613 audivimus,
536 1533 636 1598 animo
669 1533 771 1620 potius
809 1556 900 1618 quam
933 1534 1029 1600 oculis
1063 1534 1145 1601 cerni
1179 1534 1308 1615 dixeris,

319 1689 420 1733 nonne
448 1669 505 1734 hoc
534 1666 645 1733 maiore
671 1667 738 1732 iure
759 1667 951 1749 hominibus,
976 1692 1067 1755 quam
1090 1669 1212 1735 Christo
1234 1670 1310 1736 vitio

319 1801 495 1866 vertemus?
540 1801 622 1866 Nam
652 1800 717 1865 fieri
747 1822 809 1864 non
840 1806 940 1887 potest
972 1802 1048 1886 quin
1074 1807 1141 1867 tum
1168 1802 1231 1866 vita
1256 1802 1311 1866 illa

319 1934 525 2014 sanctissima,
558 1939 626 1998 tum
658 1955 756 2012 mors,
792 1933 967 1999 excellentis
1001 1940 1031 1999 et
1067 1958 1138 2020 erga
1173 1935 1310 2001 homines

319 2067 428 2134 amoris
458 2073 488 2132 et
517 2065 782 2154 obtemperationis
808 2065 959 2132 volumtati
985 2073 1127 2155 paternae
1149 2067 1310 2133 documen·

319 2206 400 2278 tum,
424 2209 491 2263 tum
513 2199 548 2264 in
570 2199 663 2263 vitam
685 2198 851 2278 revocatio,
875 2220 934 2283 qua
948 2199 1066 2264 homini
1088 2200 1125 2265 de
1144 2222 1198 2265 sua
1213 2200 1310 2288 ipsius

319 2333 383 2398 vita
404 2332 569 2400 immortali
589 2332 801 2420 persuadetur,
814 2331 1027 2399 saluberrimae
1039 2333 1102 2399 sint
1114 2334 1159 2420 ei,
1172 2334 1308 2420 quicum

320 2465 441 2533 Christo
474 2467 715 2532 communionem
749 2466 903 2548 instituit;
937 2473 969 2532 et
1001 2467 1075 2534 licet
1109 2468 1245 2534 nondum
1272 2467 1311 2532 ad

319 2598 533 2688 perfectionem
559 2599 747 2687 pervenerit,
772 2604 807 2665 ut
829 2598 862 2664 in
884 2599 941 2665 hac
964 2600 1013 2666 via
1031 2600 1151 2666 assidua
1169 2599 1312 2688 procedat

320 2753 441 2797 necesse
470 2736 532 2810 est3
562 2730 636 2795 fides
657 2730 692 2795 in
714 2730 741 2795 I.
765 2729 801 2795 Ο.
825 2753 895 2795 eum
918 2731 1027 2797 ducere
1049 2730 1139 2797 debet
1160 2729 1200 2795 ad
1221 2729 1310 2796 fidem

320 2862 355 2929 in
377 2863 442 2929 Deo
463 2862 643 2929 habendam.

366 2996 415 3061 Sic
451 2996 642 3082 δικαιοσύνη
682 3001 782 3078 Θεοῦ,
817 3019 907 3083 quam
940 3020 1039 3083 neque
1069 2997 1183 3063 Gentes
1213 3018 1311 3081 neque

321 3129 450 3195 Iudaeos
482 3129 626 3213 consequi
648 3152 735 3216 posse
757 3129 908 3209 vidimus,
932 3129 988 3195 sub
1011 3130 1055 3195 N.
1077 3130 1112 3195 T.
1135 3126 1312 3195 hominibus

322 3263 453 3328 offertur.
499 3262 671 3328 Tribuenda
693 3269 740 3328 est
762 3263 821 3329 Dei
844 3264 975 3350 gratiae,
1002 3265 1056 3350 qui
1078 3285 1132 3350 per
1153 3262 1311 3328 Christum

321 3398 402 3463 viam
435 3398 475 3462 iis
508 3398 626 3485 aperuit
660 3404 695 3462 ut
729 3398 795 3462 eius
829 3404 982 3483 computes
1003 3397 1125 3474 fierent,
1149 3393 1312 3460 dummodo

321 3531 411 3597 fidem
433 3530 595 3612 haberent,
619 3553 696 3616 quae
719 3531 783 3596 sola
804 3537 851 3596 est
869 3530 1002 3596 conditio
1018 3538 1073 3615 τῆς
1090 3530 1310 3612 δικαιοσύνης.

322 3664 393 3751 Ipse
425 3664 508 3729 Deua
541 3664 622 3728 salva
655 3686 709 3728 sua
741 3663 839 3751 ipsius
873 3664 991 3729 iustitia
1019 3663 1173 3728 hominem
1195 3662 1311 3727 iustum

322 3796 471 3862 declarare
498 3802 615 3884 potest,
645 3797 717 3882 qui,
739 3797 799 3862 fide
822 3819 891 3861 cum
914 3796 1034 3861 Christo
1057 3796 1254 3873 coniunctus,
1276 3794 1312 3858 in

250 3914 259 3923 ’
320 3929 385 3994 dies
407 3930 505 4016 magis
525 3929 684 4018 magisque
705 3930 739 3994 in
762 3929 811 3994 via
833 3929 1024 4016 perfectionis
1046 3927 1186 4015 progredi
1209 3925 1310 3993 debet.

735 4229 898 4243 ...n-...-
