3025 5275
695 701 735 765 11

220 890 348 974 bantur,
376 891 535 973 carebant,
563 898 649 958 erant
673 898 777 959 tomen
804 894 842 959 de
866 894 956 960 Pauli
980 893 1129 960 sententia
1149 916 1211 959 non

221 1027 324 1092 minus
356 1025 599 1111 οἰναπολόγητοι
636 1028 734 1112 (Rom.
769 1027 818 1094 I:
844 1032 921 1116 20):
956 1028 1108 1095 habebant
1130 1030 1212 1095 enim

221 1166 282 1225 tres
300 1161 411 1240 fontes,
435 1183 451 1225 e
474 1160 587 1246 quibus
601 1159 702 1225 Deum
714 1183 893 1247 cognoscere
903 1166 1051 1248 poterant,
1062 1167 1211 1241 naturam,

221 1295 321 1381 legem
342 1296 487 1361 moralem
510 1300 540 1361 et
562 1293 729 1359 historiam.

672 1563 745 1647 cr.

279 1729 325 1795 Dc
347 1729 465 1795 ratione
487 1749 548 1816 qua
575 1728 657 1795 Deus
680 1727 879 1816 perlitasse
903 1727 1156 1816 manifestaverit.

268 1966 315 2027 Τό
346 1964 490 2043 γνωστὸν
518 1966 574 2026 τοῦ
607 1964 688 2028 Θεοῦ
719 1966 860 2046 φανερόν
891 1960 992 2026 ἐστιν
1032 1963 1066 2026 ἐν
1102 1959 1213 2037 αὐτοῖς

225 2096 323 2183 (Rom.
346 2098 364 2163 I
386 2123 393 2161 r
419 2097 484 2182 19).
531 2095 716 2183 Magnopere
738 2096 924 2161 dissentiunt
937 2095 977 2162 V.
993 2095 1033 2161 D.
1050 2093 1088 2160 tle
1105 2094 1215 2160 horum

222 2227 382 2295 verborum
402 2227 535 2292 notione.

266 2361 333 2428 Alii
356 2366 391 2427 τὸ
415 2364 559 2444 γνωστὸν
586 2366 639 2428 τοῦ
665 2365 746 2429 Θεοῦ
770 2361 951 2447 intelligunt
968 2360 1064 2440 illud,
1082 2360 1164 2446 quod
1179 2360 1216 2425 de

223 2495 288 2560 Deo
312 2495 451 2580 cognosci
474 2501 573 2581 potest
588 2496 635 2579 l),
656 2494 709 2559 elii
722 2494 804 2579 quod
816 2495 853 2559 de
865 2494 931 2559 Deo
943 2494 1100 2579 cognitum
1112 2500 1158 2558 est
1171 2497 1215 2577 2),

223 2630 309 2696 illam
320 2629 552 2717 explicationem
562 2629 595 2693 in
608 2629 714 2716 primis
725 2627 949 2715 improbantes,
963 2627 1036 2713 quia
1048 2627 1215 2692 secundum

224 2785 273 2829 eos
285 2764 366 2852 apud
377 2764 491 2829 Gentes
503 2764 539 2827 cie
551 2763 688 2850 positiva,
698 2784 789 2847 quam
801 2761 917 2842 dicunt,
926 2760 1110 2826 revelatione
1120 2783 1216 2826 sermo

225 2920 289 2963 esse
311 2919 373 2962 non
395 2903 503 2984 potest.
551 2895 630 2960 Cum
652 2895 805 2980 Hengelio
818 2898 849 2981 3)
875 2895 1026 2959 credimus
1054 2894 1216 2959 discrimen

225 3030 263 3095 de
285 3053 375 3095 sensu
394 3034 595 3094 uenientum
614 3050 678 3092 esse
701 3035 850 3113 quantum
872 3027 1002 3092 ridetur.
1036 3027 1120 3109 Quid
1135 3028 1216 3092 enim

226 3164 302 3228 dicit
322 3163 510 3250 Apostolus?
544 3167 580 3227 τὸ
604 3167 749 3244 γνωστὸν
774 3170 830 3227 τοῦ
856 3165 936 3228 Θεοῦ
959 3165 1099 3245 φανερόν
1113 3164 1216 3238 ἐστιν,

225 3297 247 3361 i.
272 3320 298 3361 e.
321 3296 516 3361 manifestum
538 3302 602 3376 est,
626 3296 669 3360 ite
691 3296 789 3382 igitur
811 3302 847 3359 ut
868 3293 905 3358 ab
924 3292 1065 3364 omnibus
1077 3292 1217 3379 cognosci

226 3430 330 3517 possit.
377 3430 416 3495 In
439 3429 539 3494 medio
560 3430 663 3516 itaque
685 3429 870 3514 relinquitur
892 3435 995 3493 utrum
1019 3428 1097 3492 hanc
1115 3427 1217 3512 cogni·

222 3565 336 3630 tionem
360 3565 421 3629 iam
443 3564 648 3651 perceperint3
671 3563 729 3626 hoc
751 3584 820 3626 vero
843 3561 881 3626 de
899 3560 1040 3626 omnibus
1059 3558 1216 3638 affirmari,

220 3800 407 3812 ----—-—

269 3949 296 4030 1)
315 3948 417 4028 Neque
448 3947 478 4005 hi
510 3965 608 4006 omnes
640 3945 714 4004 inter
745 3964 775 4002 se
806 3944 999 4003 consentiunt:
1029 3962 1116 4022 quum
1145 3943 1220 4002 enim

226 4057 341 4137 plurimi
369 4056 493 4134 cogitent
520 4055 555 4114 de
584 4053 744 4131 cognitione
772 4052 826 4111 Dei
861 4071 876 4110 e
908 4057 1007 4111 natura
1029 4052 1131 4129 petite,
1153 4071 1220 4110 non·

226 4167 297 4226 nulli
318 4164 468 4241 Euangelii
490 4148 679 4239 cognitionem
702 4160 874 4236 intelligunt.

268 4277 296 4353 2)
317 4274 418 4333 Dthne
439 4273 654 4348 (Entciclcelunp
674 4271 720 4329 der
740 4271 820 4328 Paul.
841 4268 1220 4346 Lehrbeyriffl,pog.28)1¹0

226 4386 341 4465 γνωστὸν
362 4394 408 4444 τοῦ
429 4392 496 4444 Θεοῦ
517 4379 639 4457 explicat
662 4378 728 4449 „die
749 4374 1029 4435 Erkenntnissmittel
1055 4373 1181 4433 Gottes.”

269 4493 300 4571 3)
320 4489 516 4573 [interpretatio
538 4487 625 4572 uper.
642 4487 725 4551 Pauli
744 4486 783 4545 od
804 4485 940 4546 Romanor
962 4484 1065 4545 ron]
1075 4502 1141 4567 pap.
1155 4486 1220 4549 109.
