3025 5275
768 671 809 737 12

293 864 324 933 e
344 873 494 955 pugnaret
515 889 585 934 oum
603 867 788 955 experientia
799 865 829 933 tt
840 891 911 933 oum
921 867 960 933 iis
973 891 1050 955 quae
1061 875 1168 956 postea
1179 869 1214 934 in
1224 871 1283 935 hoe

294 1003 392 1090 eapite
413 1004 568 1089 leguntur.
614 1003 699 1069 Illud
723 1007 757 1070 εἰ)
784 1005 895 1081 αὐτοῖς
919 1005 1051 1091 pertinet
1073 1005 1111 1069 ad
1127 1005 1281 1086 homines,

293 1136 332 1201 de
363 1136 475 1223 quibus
507 1137 671 1224 Apostolus
706 1145 778 1203 sect.
809 1141 850 1203 18
883 1137 962 1203 dixit
986 1160 1036 1203 eos
1058 1137 1221 1223 ἀλήθειαν
1246 1144 1281 1207 ἐκ

293 1269 408 1356 ἀδικίᾳ
431 1273 600 1361 κατέχειν,
624 1270 782 1337 veritatem
803 1272 957 1338 iniustitia
979 1295 1150 1360 oppressam
1165 1279 1281 1354 tenere,

292 1403 374 1489 quod
405 1405 544 1470 universe
576 1405 656 1470 valet
685 1405 722 1470 de
752 1404 922 1485 Gentibus,
947 1428 1132 1492 quamquam
1154 1406 1283 1472 minime

292 1539 364 1604 inde
385 1538 539 1624 sequitur,
561 1539 658 1604 Paulo
680 1539 798 1619 iudice,
822 1561 926 1603 omnes
947 1538 1029 1603 inter
1052 1561 1102 1602 eos
1130 1538 1196 1605 siue
1218 1539 1283 1604 ulla

293 1671 467 1758 exceptione
499 1670 693 1759 improbitate
722 1672 816 1737 fuisse
831 1649 1023 1757 ‘conspicuos
1043 1674 1087 1756 1).
1133 1672 1184 1737 Ne
1213 1695 1284 1738 oum

291 1805 398 1871 Grotio
420 1807 531 1884 αὐτοῖς
553 1806 644 1870 unice
667 1805 704 1870 de
727 1805 916 1892 philosophis
939 1804 1169 1890 intelligamus,
1200 1811 1283 1871 vetat

291 1944 356 2004 tota
377 1940 597 2025 argumentatio
604 1990 613 2021 ,
638 1962 715 2026 quae
739 1939 783 2003 sio
805 1938 963 2004 intellecta
986 1937 1178 2005 claudicaret.

336 2072 381 2137 Ut
413 2094 503 2160 supra
536 2073 619 2138 diota
650 2073 748 2158 magis
781 2072 959 2151 affirmaret,
991 2071 1076 2136 addit
1098 2072 1282 2159 Apostolus:

292 2211 310 2273 o‘
344 2211 423 2284 Θεὸς
457 2211 518 2293 γὰρ
553 2209 665 2284 αὐτοῖς
699 2206 895 2291 ἐφαιέρασε,
930 2205 995 2291 ipse
1024 2204 1108 2269 Deus
1137 2204 1177 2269 iis
1203 2203 1284 2269 illud

292 2338 496 2405 manifestavit
539 2339 583 2404 ita
622 2345 658 2403 ut
691 2360 775 2405 suam
810 2339 1013 2425 ignorantiam
1047 2360 1188 2403 excusare
1220 2360 1283 2403 non

292 2480 416 2562 possent
431 2474 475 2558 2).

337 2628 367 2674 ο.
412 2606 601 2692 Brigantibus
631 2628 692 2692 qua
719 2604 835 2671 ratione
865 2604 948 2671 Deus
976 2628 1008 2670 se
1029 2603 1281 2686 manifestaverit,

293 2740 369 2826 quid
400 2741 554 2806 contineat
585 2739 665 2805 illud
699 2744 843 2822 γνωστὸν
875 2747 930 2806 τοῦ
961 2744 1057 2819 Θεοῦ,
1088 2739 1204 2804 Paulus
1237 2762 1282 2804 re

293 2874 421 2962 spondet
439 2898 463 2940 s.
490 2878 542 2940 20.
581 2878 633 2941 ra
657 2874 783 2960 οἰόρατα
806 2874 905 2940 αὐτοῦ
929 2874 994 2938 α’πὸ
1018 2875 1149 2949 κτίσεως
1163 2878 1281 2957 κόσμου

293 3017 361 3087 τοῖς
392 3015 546 3093 ποιήμασι
583 3012 743 3093 νοούμενα
777 3014 981 3091 καθορᾶται,
1014 3005 1073 3070 Dei
1095 3004 1280 3084 invisibilia,

294 3164 370 3228 quae
392 3141 522 3229 corporis
545 3141 641 3206 oeulis
665 3141 746 3205 cerni
769 3146 939 3225 nequeunt,
964 3139 1194 3226 conspiciuntur
1210 3138 1283 3204 inde

294 3297 311 3339 a
336 3273 450 3340 mundo
481 3272 602 3338 oondito
630 3272 744 3338 mentis
771 3271 867 3335 oeulis
891 3272 1018 3337 erebus
1041 3273 1158 3337 creatis.
1187 3274 1281 3339 Ἀπὸ

294 3410 424 3483 κτίσεως
458 3412 578 3491 κόσμου
611 3427 673 3472 non
708 3427 779 3470 oum
812 3403 947 3490 Vulgata
980 3426 1044 3469 esse
1070 3404 1283 3490 explicandum

334 3712 365 3787 1)
394 3708 492 3769 Minus
526 3714 600 3770 reete
638 3710 771 3788 Meyerus
802 3709 839 3769 ad
870 3711 897 3770 h.
928 3710 949 3769 l.
987 3717 1012 3771 ἐν
1044 3719 1132 3780 αὐτοῖς
1164 3711 1286 3788 explicat

291 3827 316 3881 lo
337 3831 395 3888 ταῖς
414 3823 534 3899 καρδίαις
553 3821 653 3881 adedo:
676 3817 792 3876 minime
813 3818 889 3877 enim
904 3837 1001 3877 omnes
1012 3818 1084 3878 hano
1095 3819 1285 3895 cognitionem

291 3925 345 3985 Dei
365 3926 422 3985 iam
443 3926 544 3986 intimo
565 3927 659 3986 animo
684 3927 844 4005 percepisse
868 3933 985 3987 constat.

332 4032 464 4116 2)(1οα1.
496 4035 612 4094 omnino
644 4035 733 4094 oratio
766 4035 942 4114 Lystrensis,
974 4037 1037 4096 Act.
1062 4038 1100 4093 14
1130 4036 1159 4095 in
1181 4035 1283 4113 primis

292 4162 332 4201 vs,
376 4143 434 4213 17,
482 4141 532 4201 ubi
572 4142 678 4201 Paulus
725 4143 760 4202 de
803 4143 864 4203 Deo
907 4136 1015 4203 dieite
1049 4154 1095 4208 οὐκ
1137 4153 1284 4227 ἀμάρτυρον

289 4255 380 4315 ἑαυτὸν
402 4259 518 4332 ἀφῆκεν,
541 4257 569 4310 et
590 4272 630 4323 ea,
651 4272 734 4332 quam
757 4253 788 4311 in
808 4258 957 4330 Areopago
980 4252 1284 4323 habuit,Act.17,ubi

291 4378 330 4417 ve.
356 4358 412 4418 27:
447 4370 563 4443 καίτοιγε
596 4370 682 4443 κύριος
717 4366 746 4422 οὐ
778 4363 880 4443 μακράν
915 4364 968 4423 ἀπὸ
996 4365 1051 4430 ε’·ιός
1079 4342 1190 4424 {adoreo
1211 4367 1284 4443 ἡμῶν

290 4473 427 4553 ὑπάρχων.
