3025 5275
786 691 827 756 68

352 884 471 950 Ultimo
492 883 559 948 looo
580 883 666 948 addit
688 884 873 971 Apostolus:
896 887 950 961 οὓς
964 884 1151 964 ἐδικαίωσε,
1165 892 1299 963 τοιίτους
1366 977 1371 986 ι

309 1022 364 1083 καὶ
385 1018 524 1095 ἐδόξασε.
572 1016 679 1081 Plures
697 1016 877 1103 interpretes
888 1018 946 1082 hoo
957 1016 1138 1082 vocabulum
1150 1019 1299 1105 explioue

307 1157 379 1216 runt
390 1150 427 1215 de
438 1150 533 1235 gloria
545 1155 684 1229 externa,
697 1149 784 1214 ouius
796 1149 959 1234 aliquando
972 1153 1004 1214 οἱ
1015 1155 1221 1227 πιστεύοντες
1235 1173 1301 1237 par·

306 1283 414 1369 tioipes
425 1282 534 1361 forent,
544 1305 634 1367 quam
645 1281 965 1347 luturamfelicitatem
973 1282 1300 1370 Paulusproposuisset

308 1415 393 1500 quasi
416 1416 478 1480 iam
501 1415 627 1480 adesset.
669 1414 710 1479 ut
732 1437 804 1480 sane
826 1415 883 1480 hoo
904 1437 995 1480 sensu
1019 1415 1137 1502 saepius
1158 1415 1300 1480 Aoristus

308 1549 342 1613 in
375 1548 497 1636 seriptis
526 1569 647 1633 quoque
669 1547 711 1613 N.
735 1547 769 1613 T.
794 1547 941 1629 ooourrit;
966 1548 1019 1613 sed
1041 1548 1129 1613 nobis
1151 1554 1301 1635 praestare

308 1681 428 1747 videtur
445 1681 518 1746 huie
536 1679 681 1745 vocabulo
700 1680 826 1746 eandem
837 1680 993 1768 praeteriti
1005 1679 1159 1744 notionem
1167 1679 1300 1745 tribuere

308 1836 342 1877 ao
365 1814 488 1878 caeteris
512 1813 683 1893 vocabulis,
707 1837 731 1878 s.
758 1817 799 1878 29
824 1819 854 1878 et
878 1816 919 1878 30
944 1811 1051 1878 obviis.
1098 1814 1208 1898 Itaque
1230 1835 1300 1877 oum

307 1945 517 2032 chrysostomo
550 1946 679 2031 aliisque
702 1946 830 2033 gloriam
851 1946 1076 2031 intelligimus,
1101 1969 1193 2033 quam
1215 1947 1299 2012 Deus

306 2079 480 2147 hominibus
503 2079 663 2166 adoptione
686 2088 717 2146 et
739 2080 770 2146 S.
794 2080 825 2146 S.
849 2081 937 2145 donis
961 2081 1141 2168 impertivit.

249 2201 251 2203 ’
351 2214 494 2278 Vidimus
527 2214 660 2300 primum
694 2214 801 2279 salutis
836 2219 989 2279 auctorem
1024 2214 1199 2279 hominibus
1233 2236 1297 2278 esse

306 2347 424 2428 Deum,
459 2347 546 2411 cuius
581 2347 694 2432 gratiae
717 2356 738 2431 ἠ
761 2346 896 2430 ἐκλογή,
921 2345 1048 2429 κλῆσις,
1076 2347 1243 2423 δικαίωσις
1267 2353 1298 2411 et

308 2482 388 2559 δόξα
411 2488 483 2545 sunt
505 2480 675 2545 tribuenda.
722 2479 781 2544 Sed
803 2480 836 2544 in
858 2480 966 2568 primis
989 2479 1077 2544 nobis
1100 2479 1298 2566 spectandum

250 2637 253 2643 ·
307 2620 353 2679 est
374 2612 453 2679 illud
475 2613 534 2679 Dei
556 2613 670 2678 donum
677 2664 687 2694 ,
712 2613 793 2699 quod
808 2613 959 2699 ,spiritum
983 2611 1122 2679 divinum
1137 2612 1297 2678 nobiseum

308 2747 564 2813 communicatum
605 2746 757 2827 continet,
795 2770 856 2832 quo
886 2770 980 2812 novae
1010 2748 1091 2813 vitae
1112 2747 1298 2835 principium

308 2881 459 2947 exoriatur
481 2902 603 2945 necesso
626 2887 681 2946 est.
1174 2845 1177 2849 ¹

350 3013 443 3078 Varia
464 3013 604 3093 nomina,
630 3011 741 3098 quibus
759 3012 817 3076 hoo
833 3019 960 3097 πνεῦμα
976 3013 1154 3100 insignitur,
1171 3020 1298 3099 πνεῦμα

307 3153 363 3212 τοῦ
399 3133 497 3225 Θεοῦ,
535 3152 568 3211 ἐκ
604 3153 659 3211 τοῦ
696 3149 796 3224 Θεοῦ,
824 3150 880 3209 τοῦ
904 3148 1048 3231 Κυρίου,
1074 3151 1297 3232 Χριστοῦ,τὸ

307 3284 404 3362 ἅγιον
429 3281 533 3345 eodem
556 3279 693 3343 redeunt.
728 3277 823 3342 Utin
837 3279 960 3343 homine
976 3279 1095 3367 saepius
1116 3285 1151 3345 τὸ
1172 3287 1298 3364 πνεῦμα

307 3434 325 3476 a
343 3410 466 3475 caeteris
484 3408 621 3498 partibus
644 3408 865 3494 distinguitur,
890 3410 934 3474 sio
962 3410 1053 3475 etiam
1068 3411 1182 3475 Paulus
1198 3411 1299 3476 Deum

308 3550 339 3610 et
361 3545 426 3608 eius
449 3550 575 3627 πνεῦμα
597 3565 827 3627 nonnumquam
850 3542 992 3607 distinxit
1013 3545 1112 3629 (Rom.
1125 3544 1229 3611 VHI:
1245 3548 1296 3625 ll,

309 3680 326 3743 1
352 3676 420 3741 Cor.
443 3677 479 3742 Π
504 3703 511 3742 :
536 3680 595 3755 10,
622 3677 696 3761 11),
721 3699 905 3763 quamquam
927 3677 994 3763 ipse
1009 3678 1091 3743 Deus
1108 3686 1154 3743 est
1170 3685 1297 3764 πνεῦμα

309 3809 375 3895 (cfr.
399 3808 466 3873 Ioh.
491 3807 541 3872 IV.
563 3837 570 3873 :
595 3810 661 3894 24).
707 3809 776 3873 Hoo
805 3816 932 3894 πνεῦμα
962 3810 1046 3874 Deus
1068 3811 1181 3876 dieitur
1201 3811 1297 3876 horni-

305 3941 398 4007 nibus
422 3941 551 4008 διδόναι
577 3943 608 4027 (2
625 3939 693 4006 Cor.
711 3942 748 4007 I:
764 3941 831 4031 22),
849 3948 1056 4032 ἐπιχορηγεῖν
1071 3944 1151 4030 (Gal.
1164 3945 1219 4011 ΙΠ
1231 3972 1238 4011 :
1252 3943 1296 4031 5),

307 4073 557 4153 ἐξαποστέλλειν
589 4080 633 4151 εἷς
666 4080 724 4150 τὰς
755 4076 893 4163 καρδίας
919 4075 1001 4166 (Gal.
1025 4078 1072 4143 IV
1097 4106 1104 4143 :
1130 4078 1297 4159 6),ἱ11ι1ε1-

306 4230 366 4293 que
398 4207 488 4272 homo
521 4206 680 4294 λαμβάνει
706 4208 738 4296 (1
762 4208 830 4274 cor.
854 4210 921 4275 II:
953 4214 1011 4291 12,
1047 4211 1116 4276 Gal.
1141 4212 1195 4278 HI
1220 4240 1226 4277 :
1253 4210 1297 4300 2).

307 4342 411 4423 Quum
450 4340 501 4404 hr'o
543 4340 602 4404 Dei
637 4340 762 4427 spiritus
799 4340 874 4405 alibi
908 4341 1022 4406 dioitiu
1053 4341 1153 4407 locum
1191 4348 1298 4407 teneus

305 4473 392 4538 iuxta
420 4474 589 4538 humanum
611 4473 771 4561 spiritum,
796 4474 839 4543 ita
861 4480 897 4538 ut
918 4481 1046 4560 uterque
1067 4474 1149 4540 idem
1171 4480 1299 4541 testetur
