3025 5275
655 712 698 773 49

1051 827 1070 876 Ο

182 900 304 981 ordine,
333 907 364 965 et
397 923 434 966 ex
467 903 563 965 morte
596 901 732 966 omnium
766 923 869 966 omnes
891 922 1029 987 peccasse
1051 899 1170 964 conclu-

183 1035 230 1100 dit
236 1064 246 1117 ,-
283 1040 400 1099 constat
428 1056 531 1099 omnes
561 1042 628 1121 post
659 1034 813 1100 Adamum
831 1040 965 1099 mortuos
987 1056 1067 1112 esse,
1090 1032 1172 1117 quod

183 1168 248 1233 fieri
278 1190 340 1233 non
369 1174 507 1254 potuerat
534 1167 595 1231 nisi
628 1168 690 1254 ipsi
722 1168 936 1255 peccavissent.
984 1166 1073 1248 Quod
1105 1166 1172 1252 plu·

183 1300 268 1365 ribus
289 1302 479 1389 persequitur
502 1325 546 1367 vs.
571 1305 612 1366 13
637 1308 667 1365 et
691 1304 730 1367 17
736 1352 743 1366 .
791 1301 840 1366 Ab
864 1301 982 1366 Adamo
1004 1299 1042 1364 ad
1064 1299 1172 1364 Mosen

184 1458 264 1500 mors
303 1436 457 1521 regnarit,
492 1436 610 1501 etiamsi
644 1443 711 1500 tum
745 1434 831 1498 nulla
864 1440 928 1498 erat
960 1432 1010 1497 lex
1043 1431 1171 1519 scripta3

184 1592 236 1657 per
272 1571 329 1635 hoc
365 1577 486 1657 tempus
529 1570 624 1655 igitur
665 1569 702 1633 de
736 1572 938 1655 παραβάσει,
978 1566 1077 1653 qualis
1111 1572 1174 1630 erat

185 1704 314 1783 Adami,
331 1725 428 1768 senno
447 1726 510 1767 esse
532 1725 594 1769 non
616 1702 733 1789 potuit,
757 1722 855 1784 neque
877 1699 914 1764 de
930 1702 1171 1784 παραπτώματι

184 1836 232 1900 vel
274 1846 425 1922 παρααοῇ
466 1835 587 1923 proprio
627 1858 726 1899 sensu.
781 1837 925 1898 Attamen
960 1832 1051 1897 etiarn
1089 1837 1172 1910 tum,

183 1969 251 2055 lege
273 1969 409 2034 nondum
430 1969 509 2048 lata,
532 1969 592 2034 fuit
613 1973 777 2054 ἁμαρτία,
803 1988 986 2053 quamquain
1001 1988 1062 2029 non
1087 1963 1174 2030 atto-

184 2112 290 2184 γεῖται
317 2104 380 2189 (cfr.
405 2105 491 2170 Rom.
515 2105 562 2170 IV
580 2131 587 2170 ε
606 2107 659 2191 15)
669 2134 678 2185 ;
695 2104 756 2169 nisi
772 2103 854 2169 enim
869 2107 1028 2188 peccatum
1044 2099 1172 2178 adesset,

185 2258 283 2321 neque
304 2258 384 2301 mors
407 2260 530 2322 regnare
553 2239 701 2325 potuisset
718 2241 761 2324 l).

227 2370 274 2434 De
299 2338 405 2449 modo,
433 2392 492 2455 quc
515 2377 673 2457 peccatum
699 2371 811 2435 Adami
835 2377 865 2433 et
881 2375 1064 2433 caeterorum
1078 2366 1174 2431 homi-

185 2526 281 2581 num,
327 2505 472 2588 ἁμαρτία
522 2509 553 2566 et
606 2510 753 2579 θάνατος
766 2553 775 2582 ,
820 2503 1017 2580 cohaereant,
1061 2500 1175 2565 Paulus

183 2633 263 2700 nihil
307 2641 418 2700 monet.
474 2634 533 2700 Sed
574 2636 630 2702 hoe
664 2644 800 2718 constat,
834 2643 864 2702 et
897 2636 1108 2722 Augustinum
1145 2641 1176 2699 et

185 2768 345 2854 Pelagium
368 2769 508 2856 Apostoli
531 2770 712 2836 sententiam
734 2771 813 2835 male
835 2771 1003 2836 tradidisse.
1034 2771 1079 2834 Ut
1095 2770 1176 2834 enirn

185 2902 222 2967 ab
256 2902 348 2967 altera
382 2910 467 2989 parte
502 2903 636 2968 ostendit
669 2926 724 2968 nos
757 2909 878 2968 tantum
911 2903 1002 2968 morti
1025 2900 1176 2966 subiectos
1276 2892 1281 2900 ’

186 3059 251 3101 esse
284 3034 322 3100 ob
356 3042 458 3100 nostra
490 3042 629 3122 peccata,
652 3036 780 3101 minime
801 3034 840 3100 ob
863 3041 1021 3122 peccatum
1044 3033 1174 3112 Adami,

186 3169 231 3233 sic
252 3167 290 3233 ab
312 3167 406 3232 altera
420 3174 522 3232 tamen
534 3168 691 3234 vinculum
703 3171 812 3235 statuit
824 3152 904 3235 inter
915 3175 1073 3256 peccatum
1085 3168 1176 3255 primi

187 3302 320 3390 parentia
349 3309 380 3366 et
410 3302 474 3367 eius
508 3292 611 3389 prolis.
658 3310 714 3388 Τῷ
748 3316 803 3369 tot
835 3299 905 3380 ἑνὸς
930 3308 1173 3389 παραπτώματι

188 3441 220 3502 οἱ
245 3435 361 3503 πολλοὶ
385 3437 559 3503 ἀπέθανον
592 3439 647 3522 (vs.
672 3439 745 3522 15),
773 3441 791 3502 ό
819 3444 964 3510 θάνατος
989 3433 1174 3522 ἐβασίλευσε

189 3569 244 3633 διὰ
275 3576 329 3633 τοῦ
361 3566 431 3643 ἑνός
464 3568 519 3652 (vs.
546 3571 598 3654 17)
619 3572 669 3655 2),
696 3570 785 3657 lapsu
812 3571 903 3635 unius
930 3570 1044 3635 facturn
1071 3575 1116 3634 est
1142 3573 1177 3631 nt

187 3701 289 3787 plures
322 3707 449 3766 mortem
482 3700 618 3782 obirent,
642 3709 678 3767 ut
704 3726 785 3768 mors
811 3711 949 3789 regnaret
972 3709 1092 3768 auctore
1118 3703 1175 3767 hoc

190 3857 260 3901 uno.
307 3834 420 3898 Paulus
450 3834 501 3898 hic
538 3835 676 3900 effectum
707 3859 763 3923 pro
796 3859 900 3901 caussa
930 3837 1034 3925 ponit:
1066 3836 1177 3901 etenim

189 3965 300 4031 Adami
336 3972 578 4052 παραπτώματι
614 3969 727 4034 facturn
757 3976 804 4034 est
827 3977 862 4034 ut
887 3970 999 4057 posteri
1022 3974 1179 4056 peccarent

230 4273 260 4346 l)
281 4271 440 4349 duplicatio
461 4273 534 4332 verb.
557 4279 585 4355 ἐρ
605 4278 625 4355 ᾧ
646 4285 740 4345 πάντες
764 4284 893 4361 ἥμαμτινε
914 4276 944 4336 in
969 4297 1026 4356 quo
1048 4275 1179 4358 (adamo)

188 4397 284 4436 omnes
308 4386 508 4455 peccaverunt,
530 4382 698 4441 refutatione
724 4403 780 4442 non
802 4384 924 4461 amplius
946 4384 1063 4460 indiget.

231 4487 258 4565 2)
274 4483 331 4542 Alli
346 4504 383 4542 va.
400 4484 435 4545 17
452 4503 504 4562 pro
525 4487 560 4566 τῷ
575 4498 620 4546 τοῦ
635 4491 690 4555 ἑνὸς
702 4497 894 4570 παραπτώματι
908 4487 1006 4565 legunt
1015 4504 1051 4569 τῷ
1065 4494 1103 4550 ἑνὶ
1114 4517 1178 4570 παρ.

535 4628 553 4680 ρ
1045 4592 1066 4653 4
