3025 5275
684 635 726 697 95

210 823 249 890 ob
271 824 511 912 indulgentiam,
535 825 637 892 debita
659 849 757 914 poena
780 850 830 893 eos
855 850 917 895 non
938 828 1128 895 muitaverat.
1173 828 1223 894 Ita

210 957 306 1023 videri
327 963 445 1045 poterat
467 981 501 1023 ea
524 981 585 1023 non
609 982 737 1026 curasse.

254 1091 313 1156 Sed
339 1091 400 1157 iam
421 1097 543 1179 tempus
565 1092 667 1158 aderat
692 1096 740 1179 (ἔα
765 1096 809 1180 τῴ
834 1098 893 1161 αὖα
920 1093 1033 1179 καιρῷ)
1058 1098 1094 1158 ut
1116 1093 1199 1158 Deus

209 1231 326 1312 praeter
358 1248 490 1290 amorem
523 1225 614 1291 etiam
651 1226 804 1290 iustitiam
833 1248 917 1291 suam
943 1225 1047 1312 generi
1067 1227 1228 1290 hnmano'

209 1356 357 1444 probaret.
365 1358 417 1424 Ad
427 1359 484 1424 hoo
496 1359 657 1424 eonsilium
668 1358 826 1425 Christum
838 1360 998 1446 προέθετο
1013 1358 1198 1447 ἱλαστήριον

210 1491 266 1557 διὰ
290 1500 345 1574 τῆς
367 1494 503 1569 πίστεως
527 1496 561 1558 ἐν
587 1498 632 1577 τῷ
657 1493 756 1559 αὐτοῦ
782 1494 915 1578 αἵματι,
940 1515 1011 1557 eum
1029 1491 1199 1579 proposuit,

209 1623 351 1689 omnibns
376 1624 605 1711 adspiciendum
628 1624 777 1713 praebuit.
815 1624 982 1690 Notionem
996 1631 1096 1690 autem
1111 1635 1200 1690 oeteo

210 1757 432 1838 constituendi,
468 1758 513 1823 ita
546 1765 581 1823 ut
614 1759 652 1824 de
685 1759 805 1825 decreto
837 1756 942 1822 divino
978 1779 1074 1822 sermo
1101 1761 1199 1835 esset,

210 1912 302 1977 quam
337 1891 492 1956 notionem
528 1891 598 1956 aliis
639 1891 715 1956 loeis
756 1889 938 1955 vocabulum
975 1892 1198 1977 προτίθεσθαι

209 2022 301 2090 habet
311 2074 321 2104 ,
355 2024 406 2090 hie
440 2025 468 2089 ei
498 2047 560 2089 non
589 2023 776 2104 tribuimus,
810 2025 925 2112 quippe
957 2024 1008 2088 oui
1042 2029 1200 2089 contextus
1280 2053 1288 2061 “

211 2157 328 2223 obstare
356 2158 503 2224 videatur.
560 2158 619 2223 Sed
651 2158 804 2225 diffieilior
826 2166 872 2224 est
886 2143 1022 2246 quaestio
1045 2156 1083 2222 de
1106 2156 1199 2243 signi-

210 2291 349 2356 ficatione
378 2290 517 2357 voeabuii
554 2291 741 2379 ἱλαστήριον
753 2343 763 2373 ,
799 2291 881 2378 quod
897 2292 983 2357 ‘olim
1014 2312 1118 2356 omnes
1139 2291 1200 2356 fere

210 2424 389 2512 interpretes
446 2426 658 2514 explicuerunt
714 2425 893 2512 operculum
950 2444 1040 2489 orcae
1099 2422 1199 2511 [oede-

210 2559 265 2624 σιτ.
322 2559 363 2624 Et
408 2582 591 2647 quamquam
636 2560 808 2647 Hengelius
841 2558 994 2625 Riiekerto
1024 2557 1197 2636 assentitur,

210 2693 288 2758 hane
343 2694 620 2782 interpretationem
675 2693 749 2759 adeo
805 2693 867 2758 iam
925 2693 1083 2758 refutatam
1135 2712 1199 2755 esse

210 2826 350 2907 dicenti,
394 2833 430 2891 nt
473 2827 538 2892 eius
583 2828 704 2894 silentio
748 2826 1032 2916 praetermittendae
1076 2830 1197 2912 tempus

209 2960 270 3025 fere
311 2960 425 3025 instare
467 2960 621 3042 videatur,
667 2961 803 3028 nondum
852 2968 955 3027 tamen
989 2961 1099 3027 desunt
1133 2959 1198 3024 eius

209 3092 340 3159 fautores
361 3096 408 3180 1),
428 3095 482 3179 qui
502 3118 597 3181 quum
617 3095 858 3161 animadvertant
880 3094 1047 3161 versionem
1066 3093 1198 3158 Alexan-

201 3314 385 3323 ---—--——-

205 3456 244 3515 tel
272 3475 309 3515 ou
339 3455 379 3513 tel
405 3454 501 3526 motis,
529 3455 589 3514 eela
619 3452 748 3515 emouese
769 3473 807 3514 ou
828 3451 942 3514 ramene
964 3472 998 3513 en
1019 3452 1061 3512 lui
1085 3453 1114 3513 le
1135 3471 1200 3512 eon·

206 3565 314 3624 seienoe
332 3564 368 3624 de
383 3583 434 3623 son
445 3561 543 3642 pdohe.
570 3566 643 3623 Dans
654 3564 764 3646 Ιίἶρισις
774 3578 824 3626 τῶν
835 3571 1028 3647 ἁμαρτημάτων
1040 3562 1067 3621 le
1076 3560 1200 3640 peoheur

207 3672 260 3731 seit
291 3692 345 3752 que
368 3673 396 3730 la
416 3672 491 3731 faute
516 3671 558 3731 n'a
578 3672 660 3750 point
681 3670 808 3750 eohappe
828 3691 864 3731 au
885 3669 971 3746 sujet,
993 3689 1028 3728 au
1050 3668 1202 3741 contraire,

206 3779 227 3839 il
256 3801 273 3840 a
300 3781 328 3840 le
355 3780 444 3851 droit,
474 3780 502 3839 la
533 3778 647 3840 volontd
669 3785 696 3839 et
716 3780 743 3839 le
765 3780 885 3859 pouroir
906 3779 942 3838 de
962 3777 1064 3857 punir,
1086 3776 1156 3836 maie
1177 3775 1199 3834 il

207 3894 249 3948 est
276 3908 352 3948 assez
380 3888 436 3947 bon
462 3908 535 3966 pour
562 3888 730 3967 pardonner.
780 3888 825 3948 On
847 3885 1001 3965 eomprend
1029 3882 1151 3963 qu'alors
1173 3882 1200 3940 le

206 3999 357 4058 sentiment
377 3999 413 4057 de
433 4002 505 4057 cette
526 3995 627 4069 boote,
651 3997 687 4056 de
708 4002 752 4057 oet
773 4016 871 4057 amour
889 3995 938 4076 qui
950 3993 1108 4073 pardonne‚
1120 3991 1201 4050 avire

207 4108 276 4167 dans
296 4108 324 4167 le
345 4105 485 4185 pdohenr,
506 4126 557 4185 par
578 4107 606 4165 la
626 4107 871 4174 reconnaissanee,
893 4105 920 4163 le
941 4101 1090 4162 sentiment
1110 4100 1147 4159 de
1168 4118 1200 4157 sa

206 4212 384 4292 culpabitile.
414 4220 442 4273 et
462 4211 524 4273 eree
546 4233 600 4272 une
622 4212 698 4272 dette
719 4211 789 4272 dans
812 4231 863 4271 son
884 4207 993 4271 eoeur.”
1022 4207 1073 4266 use
1092 4212 1201 4286 πάρεσις

208 4321 237 4381 in
258 4322 295 4382 N.
314 4323 346 4382 Τ.
368 4330 441 4397 ἅπαξ
462 4327 607 4404 λεγόμενον.

249 4433 278 4508 1)
310 4418 354 4489 Sia
388 4452 412 4493 r.
444 4453 466 4491 ο.
500 4430 613 4509 scripsit
644 4427 726 4488 Doet.
748 4426 887 4487 Hoistede
908 4426 944 4485 de
961 4425 1050 4485 Groot
1073 4423 1103 4481 in
1125 4419 1199 4497 disp.
