3025 5275
639 685 685 746 83ι

163 868 291 950 tn'buit,
326 876 361 935 ut
397 871 582 959 ambiguitas
615 873 739 940 oriatur.
797 874 973 955 Praeterea,
1001 873 1070 974 ubi·
1084 874 1158 941 fides

164 1008 211 1067 est
244 1002 378 1069 conditio
411 1012 467 1088 τῆς
497 1004 729 1091 δικαιοσύνης,
753 1012 894 1072 constans
916 1006 998 1094 apud
1020 1029 1090 1072 eum
1112 1013 1159 1073 est

163 1158 237 1201 usus
274 1139 440 1206 formulae:
476 1143 583 1217 πίστις
619 1149 647 1208 Ι.
672 1149 737 1222 Χ.;
778 1148 809 1206 et
846 1163 943 1226 quum
973 1141 1024 1205 hic
1046 1163 1160 1206 nomen

163 1271 274 1355 Ἰησοῦ
297 1272 425 1337 alterum
438 1279 571 1359 Χριστῷ
584 1272 736 1359 praecedit
749 1270 794 1361 1),
807 1277 911 1337 contra
922 1273 956 1338 in
968 1274 1074 1339 πίστει
1088 1295 1158 1337 curn

165 1427 267 1492 praep.
303 1411 347 1484 τίς
381 1413 413 1472 et
446 1412 480 1474 ἐι
515 1407 660 1473 vocabula
693 1408 813 1473 inverso
851 1407 956 1473 ordine
978 1413 1157 1487 occurrunt,

163 1538 246 1623 quod
256 1540 383 1606 minime
394 1541 506 1606 mirum
522 1548 587 1608 est:
607 1565 678 1608 nam
689 1542 774 1622 fides,
787 1542 815 1608 ei
826 1541 973 1621 habenda,
988 1540 1118 1606 habetur
1129 1540 1158 1605 ei

161 1678 318 1758 tamquam
345 1673 483 1755 Christo,
507 1681 542 1740 ut
564 1675 602 1740 ad
625 1675 870 1741 communionem
895 1698 965 1740 oum
987 1675 1058 1739 Iesu
1081 1678 1156 1740 tam·

163 1825 255 1888 quam
286 1803 408 1869 Christo
433 1806 652 1900 perveniamus,
698 1807 774 1886 Via,
800 1828 877 1892 quae
899 1805 986 1871 ducit
1007 1805 1045 1870 ad
1066 1804 1157 1871 fidem

162 1936 197 2001 in
219 1937 284 2002 Deo
305 1938 453 2026 positam,
477 1946 522 2005 est
540 1939 614 2005 fides
633 1940 661 2005 I.
677 1939 712 2005 Ο.
728 1938 849 2019 habita,
874 1945 910 2004 ut
931 1939 965 2003 in
988 1939 1053 2003 eius
1076 1960 1155 2003 com-

160 2071 306 2137 munione
332 2072 406 2137 iusti
429 2073 632 2153 declaremur,
659 2072 750 2137 fidem
777 2072 947 2152 consecuti,
973 2094 1050 2157 quae
1064 2071 1155 2137 unice

162 2227 262 2270 coram
295 2205 361 2271 Deo
392 2205 528 2272 iustitiae
560 2206 624 2272 vim
645 2205 753 2288 habet,
782 2212 813 2271 et
839 2206 926 2271 cuius
952 2205 1007 2270 ille
1033 2211 1154 2270 tantum

161 2338 196 2403 in
219 2337 307 2405 nobis
333 2345 436 2405 auctor
463 2363 527 2405 esse
553 2346 662 2427 potest.

207 2473 246 2538 ln
276 2473 333 2537 hac
354 2473 414 2538 fide
436 2474 551 2539 Paulus
573 2472 711 2554 vivebat,
734 2495 835 2559 neque
855 2473 921 2560 ipse
944 2472 1075 2559 amplius
1101 2472 1154 2536 sed
1187 2463 1191 2470 ’

161 2604 302 2672 Christus
324 2607 358 2672 in
380 2629 414 2672 eo
436 2606 576 2674 vivebat:
611 2630 699 2688 nam,
722 2606 844 2693 inquit,
867 2605 948 2691 quod
970 2604 1069 2671 adhuc
1083 2603 1153 2670 vivo

160 2739 194 2804 in
218 2762 323 2820 carne,
348 2745 382 2809 ἐν
406 2743 511 2807 πίστει
537 2742 580 2819 ζῶ
605 2751 646 2828 τῇ
668 2747 724 2807 τοῦ
741 2744 814 2806 υἱοῦ
831 2746 886 2806 τοῦ
905 2743 986 2807 Θεοῦ
1000 2740 1047 2825 (ΙΙ
1062 2767 1069 2805 :
1084 2740 1150 2827 20).

160 2874 238 2960 Legi
259 2881 323 2939 erat
345 2875 537 2955 demortuus,
561 2882 597 2940 ut
618 2881 713 2941 totam
729 2898 814 2940 suam
829 2874 926 2940 vitam
940 2873 1005 2939 Deo
1020 2872 1134 2939 dicaret
1142 2901 1151 2953 3

160 3031 222 3073 non
245 3009 375 3095 amplius
401 3009 467 3096 ipse
487 3008 625 3091 vivebat,
649 3009 701 3074 sed
730 3007 871 3074 Christus
892 3006 926 3072 in
953 3029 1004 3088 eo;
1031 3005 1069 3072 ab
1095 3007 1153 3071 hoc

160 3147 311 3228 tempore,
354 3165 414 3227 quo
455 3165 525 3207 cum
559 3142 681 3207 Christo
718 3148 783 3207 erat
815 3140 993 3220 crucifixus,
1030 3140 1152 3206 vivebat

160 3276 300 3356 omnino,
324 3281 388 3342 tota
406 3300 460 3342 sua
475 3277 538 3342 vita
552 3277 617 3343 Deo
632 3276 777 3356 dicanda,
793 3276 827 3341 in
841 3275 900 3341 fide
915 3275 980 3340 Deo
994 3274 1149 3355 habenda,

162 3408 249 3473 cuius
282 3410 348 3497 ipse
380 3410 439 3475 Dei
472 3410 561 3476 filius*
586 3433 640 3476 suo
668 3433 786 3490 amore,
813 3408 847 3474 in
869 3415 966 3474 morte
987 3410 1021 3474 in
1042 3409 1149 3498 primis

161 3542 340 3628 conspicuo,
368 3549 471 3609 aucto‘r
493 3545 521 3609 ei
543 3545 679 3610 exstitit,
720 3545 877 3626 Quaenam
899 3544 991 3610 huius
1012 3543 1083 3610 fidei
1109 3543 1151 3608 sit

159 3677 284 3752 natura,
316 3674 421 3739 statim
448 3682 592 3762 apparet:
627 3698 688 3741 non
714 3685 761 3740 est
783 3676 896 3741 mentis
918 3676 1064 3761 quaedam
1086 3697 1150 3762 per-

159 3806 277 3886 suasio,
300 3830 361 3893 que
382 3807 471 3874 homo
494 3810 559 3875 Deo
581 3810 660 3874 vivit
681 3815 713 3874 et
735 3811 764 3875 ei
786 3809 946 3897 probatur,
963 3809 1016 3874 sed
1030 3808 1149 3873 animus

158 3938 335 4024 religiosam,
370 3962 430 4026 quo
463 3941 529 4006 eius
562 3942 703 4009 voluntas
735 3965 797 4007 una
827 3949 872 4007 est
898 3942 1068 4007 saetacum
1091 3939 1150 4004 Dei

160 4072 323 4139 voluntate.

198 4376 230 4448 1)
252 4375 314 4433 Gal.
349 4381 364 4433 2
397 4400 404 4433 ι
437 4377 473 4433 16
496 4378 524 4432 et
544 4373 615 4434 Phil.
640 4378 657 4431 3
681 4378 727 4432 :9
762 4374 886 4434 occurrit
911 4381 997 4445 πίστις
1016 4383 1149 4453 Χριστοῦ,

155 4483 262 4542 omisso
283 4482 396 4542 nomine
417 4477 511 4553 ἱστοῦ,
534 4481 610 4561 quod
632 4483 812 4561 caeteroquin
834 4482 905 4541 illud
929 4479 1079 4560 praecedit.
