3025 5275
787 666 827 728 16

311 854 453 941 idemque
475 855 563 943 plura
580 856 776 943 antiquorum
798 854 972 922 testimonia
989 854 1095 919 attulit
1110 853 1148 920 de
1161 854 1219 920 hac
1232 855 1309 942 lege

311 989 426 1054 innata.
441 992 472 1075 1)

355 1123 516 1187 Internum
549 1128 762 1209 argumentum
795 1121 929 1209 positum
962 1128 1008 1187 est
1037 1123 1071 1188 in
1095 1123 1300 1190 conscientia:

311 1259 596 1340 σνμμαρτνρούοης
631 1256 740 1322 αὐτῶν
772 1263 828 1338 τῆς
867 1255 1088 1339 συνειδήσεως.
1135 1257 1182 1322 De
1203 1257 1324 1350 prima)

310 1408 382 1452 voce
426 1387 524 1452 variae
572 1392 645 1452 sunt
685 1387 869 1468 sententiae,
905 1410 980 1474 quas
1012 1411 1117 1455 omnes
1149 1412 1302 1455 recensere

309 1521 437 1606 longum
459 1527 515 1587 est.

354 1650 454 1719 Nobis
476 1654 575 1741 placet
597 1653 743 1741 Hengelii
766 1654 993 1742 interpretatio:
1017 1678 1079 1720 una
1089 1656 1301 1722 testimonium

310 1786 453 1852 reddente
475 1786 675 1866 conscientia,
696 1787 720 1853 i.
743 1811 769 1853 e.
794 1811 864 1853 cum
890 1788 1086 1869 documento,
1111 1811 1172 1874 quo
1193 1796 1300 1876 gentes

311 1944 342 1986 se
364 1920 425 1986 sibi
446 1921 509 2008 legi
531 1944 595 1987 esse
617 1921 791 1987 ostendunt.
838 1921 1063 1989 Conscientiam
1084 1945 1184 2009 neque
1203 1922 1303 1989 solum

309 2054 433 2141 probare
460 2077 560 2141 neque
587 2054 758 2142 improbare
788 2077 825 2120 ex
846 2061 950 2121 mente
971 2056 1075 2138 Pauli,
1099 2064 1135 2122 ut
1155 2056 1301 2122 nonnulli

308 2195 435 2276 putant,
459 2188 512 2253 sed
532 2187 740 2276 probationem
763 2194 794 2253 et
815 2187 1067 2276 improbationem
1089 2189 1127 2254 ab
1139 2189 1299 2255 hominurn

309 2322 396 2388 factis
418 2322 560 2409 pendere,
584 2328 709 2387 nonest
731 2321 813 2407 quod
835 2321 1119 2387 animadvertamus.

353 2453 453 2537 Quare
486 2477 537 2533 ea,
572 2476 648 2540 quae
682 2459 871 2539 sequnntur:
908 2458 963 2520 καὶ
997 2456 1119 2540 μετάξο
1142 2453 1292 2539 ἀλλήλων

308 2592 374 2656 τῶν
425 2586 587 2674 λογισμῶν
624 2593 892 2676 κατηγορούντων
929 2591 983 2654 καὶ
1017 2586 1294 2674 ἀπολογουμένων

309 2746 379 2788 cum
389 2722 510 2810 Meyero
532 2722 570 2787 de
588 2722 869 2788 ratiocinationibus
880 2721 1081 2809 explicemus,
1095 2744 1170 2808 quas
1182 2722 1297 2787 Gentes

309 2854 389 2921 inter
403 2877 435 2920 se
446 2861 620 2934 conserunt,
632 2875 693 2919 non
705 2853 808 2919 rideo:
829 2861 865 2919 ut
876 2854 1104 2919 conscientiain
1115 2875 1298 2940 unoquoque

308 2987 461 3073 loquitur,
489 2986 532 3051 sic
554 2985 646 3052 etiam
669 2984 817 3070 λογισμοί
840 2985 985 3052 dicuntur
1007 3009 1078 3052 eum
1092 2986 1142 3051 vel
1157 3008 1297 3052 accusare

307 3121 356 3186 vel
382 3120 540 3186 defendere
563 3121 606 3206 t).
652 3119 709 3183 Est
733 3119 791 3185 hoc
818 3126 1031 3205 argumentum
1053 3118 1143 3185 Pauli
1164 3120 1295 3200 morale,

300 3287 472 3298 *nunna—n·—

349 3367 376 3448 1)
410 3367 488 3427 Inter
518 3366 588 3427 alios
619 3366 686 3426 citat
712 3366 920 3426 Tertullianum
953 3369 1014 3427 ado.
1046 3367 1181 3425 Iudaeos.-
1216 3371 1299 3438 „ante

306 3476 397 3554 legem
426 3476 570 3535 Mosaeam
601 3474 735 3552 scriptam
765 3475 795 3534 in
827 3474 931 3534 tabulis
959 3474 1079 3552 lapideis
1100 3477 1190 3552 legem
1213 3474 1298 3534 luisse

279 3583 445 3645 'contendo
482 3603 538 3643 non
577 3583 729 3661 scriptam,
765 3603 836 3663 quae
872 3585 1036 3643 naturaliter
1076 3583 1296 3661 intelligebatur.

304 3694 379 3752 Nam
410 3692 486 3752 unde
505 3693 570 3751 Not
591 3693 682 3751 iustus
706 3692 855 3764 inventus,
878 3692 903 3750 si
925 3712 982 3751 non
1002 3711 1068 3750 eum
1089 3691 1141 3751 illa
1162 3692 1299 3751 naturalis

305 3800 376 3878 legis
419 3799 527 3859 iustitia
570 3799 778 3878 praecedebat?
811 3799 887 3858 uude
922 3800 1065 3859 Abraham
1100 3798 1208 3858 amicus
1244 3798 1298 3857 Dei

307 3908 472 3987 deputatur,
503 3908 527 3966 si
551 3928 607 3967 non
634 3908 669 3966 de
691 3907 830 3987 aequitate
851 3912 879 3967 et
900 3906 1008 3966 iustitia
1030 3905 1101 3983 legis
1122 3905 1298 3965 naturalis?n

305 4016 384 4076 Idem
406 4016 438 4075 de
462 4022 568 4076 Corona
589 4015 707 4075 Militia:
729 4015 868 4092 „Quaeris
889 4015 977 4093 igitur
1000 4014 1050 4072 Dei
1073 4015 1188 4092 legem?
1212 4014 1297 4074 habes

306 4144 483 4184 communem
510 4124 546 4184 in
576 4122 691 4201 publico
722 4122 847 4193 mundo,
867 4123 898 4183 iu
919 4123 1095 4183 naturalibus
1118 4123 1241 4194 tabulis,
1261 4122 1298 4182 ad

306 4253 375 4313 quas
397 4239 424 4292 et
447 4232 602 4310 Apostolus
623 4231 695 4290 solet
715 4230 896 4308 provocare.”

348 4341 375 4422 2)
407 4339 480 4400 (llar.
522 4359 575 4399 vau
612 4336 710 4399 Dordt
740 4338 760 4398 l.
795 4338 817 4400 l.
856 4345 996 4422 λογισμούς
1032 4338 1155 4417 explicat
1185 4345 1298 4417 argutas

304 4446 557 4526 philosophorum,
576 4447 606 4508 iu
627 4447 727 4527 primis
748 4450 929 4516 Stoicorum,
953 4445 1175 4527 disquisitiones.
