3025 5275
791 667 833 729 46

668 985 865 1051 CAPUT
902 987 966 1052 ΙΠ.

384 1238 430 1303 De
453 1258 577 1316 caussa,
602 1258 776 1322 corporeus
800 1236 971 1301 tumorum
993 1245 1063 1299 onte
1088 1235 1246 1300 Christum

368 1447 377 1460 ,
469 1389 679 1472 δικαιοσύνην
705 1392 785 1455 Θεοῦ
810 1411 868 1453 ooo
891 1397 1085 1453 consecutum
1109 1388 1160 1452 sit.

374 1653 525 1718 Novimus
568 1653 717 1738 quomodo
754 1654 868 1719 Paulus
906 1654 1039 1741 primum
1067 1654 1104 1718 de
1135 1653 1307 1735 Gentibus,

319 1792 386 1851 tum
418 1786 455 1850 de
488 1786 610 1851 Iudaeis
640 1786 810 1872 probaverit
840 1793 963 1852 neutros
987 1788 1199 1871 δικαιοσύνην
1226 1793 1306 1856 Θεοῦ

319 1918 478 2004 consequi,
509 1925 686 2004 argumento
708 1920 848 1984 universe
869 1921 965 2007 petito
988 1944 1025 1986 ex
1045 1943 1149 1986 eorum
1170 1921 1308 1986 omniurn

319 2051 490 2116 conditione
512 2051 629 2117 morali.

341 2186 421 2278 ¹Sed
455 2210 607 2266 caussam,
639 2209 692 2250 our
726 2208 830 2253 omnes
859 2189 916 2253 hac
940 2188 1113 2254 conditione
1134 2194 1306 2268 uterentur,

319 2322 455 2387 nondum
484 2321 643 2387 nobiseum
673 2323 908 2387 communicavit
934 2323 1110 2409 Apostolus.
1156 2322 1208 2386 Ad
1229 2322 1308 2386 hano

318 2453 550 2540 intelligendam
579 2454 696 2519 ducunt
728 2455 816 2519 Rom.
851 2455 882 2518 V
918 2483 924 2519 :
962 2458 1090 2519 12-21
1127 2460 1158 2518 et
1189 2457 1206 2518 1
1238 2453 1306 2519 Cor.

318 2587 378 2653 XV
396 2615 402 2652 :
420 2589 562 2653 45-49.
590 2588 675 2653 ’Iam
701 2588 788 2663 nullo
810 2588 991 2675 populorum
1013 2587 1189 2653 discrimine
1210 2588 1305 2669 fanto,

318 2728 417 2786 totum
461 2745 558 2807 genus
601 2722 768 2787 humanum
815 2722 1025 2809 complectitur
1070 2746 1140 2788 cum
1189 2725 1307 2807 generis

318 2855 443 2920 humani
488 2861 633 2943 parente,
679 2857 776 2943 primo
813 2857 952 2936 Adamo,
991 2857 1209 2937 coniunctum,
1256 2856 1306 2920 oui

318 2989 479 3076 opponitur
521 2988 610 3088 alter·
636 2989 774 3054 Adamus
785 3040 794 3070 ,
837 3013 967 3075 quooum
1013 3012 1117 3054 omnes
1160 2989 1306 3075 coniungi

318 3121 428 3187 debent
439 3172 448 3202 ,
480 3130 516 3186 ut
544 3121 582 3187 ad
606 3123 734 3188 salutem
756 3123 943 3211 perveniant.
989 3120 1039 3188 Ab
1063 3122 1117 3214 ilio
1140 3145 1241 3202 mors,
1268 3121 1306 3186 ab

316 3255 373 3320 hoo
406 3256 468 3321 vita
502 3262 547 3320 est
576 3255 753 3342 repetenda,
782 3262 817 3320 ut
839 3255 878 3319 ad
900 3255 1028 3319 salutem
1049 3254 1226 3341 perveniant
1233 3283 1242 3335 5
1266 3252 1305 3318 ab

317 3391 410 3456 altero
433 3390 656 3468 condemnatio,
683 3390 720 3454 ab
743 3390 837 3454 altero
857 3387 1007 3453 iudicium
1032 3387 1170 3474 probans.

360 3525 463 3610 Ipsam
485 3523 753 3610 comparationem,
782 3546 872 3608 quam
895 3498 1064 3609 Apostolus
1071 3522 1211 3587 instituit
1222 3521 1305 3586 inter

316 3665 480 3742 utrumque
524 3656 677 3722 Adamum
688 3707 697 3736 ,
743 3657 867 3720 missam
904 3657 1056 3723 facimus:
1095 3656 1184 3721 nobis
1221 3677 1304 3720 nunc

316 3798 436 3857 tantum
468 3791 633 3856 videndum
666 3797 712 3856 est
747 3789 784 3853 de
817 3789 914 3876 prima
945 3790 1176 3877 comparationis
1199 3796 1303 3875 parte,

316 3932 352 3990 ut
374 3947 536 4010 quamnam
558 3923 621 3989 vim
643 3925 762 4010 generis
781 3925 906 3989 humani
925 3947 1032 4011 parens
1044 3923 1303 4009 iudiceApostolo

316 4057 349 4123 in
384 4079 469 4122 suam
501 4056 616 4143 prolem
648 4056 806 4137 habuerit,
841 4058 1069 4145 perspiciamus.
1104 4060 1198 4123 Arete
1223 4055 1304 4143 apud

316 4193 446 4259 Paulum
492 4194 720 4278 coniunguntur
764 4197 923 4278 peceatum
968 4199 997 4255 et
1039 4213 1128 4256 mors.
1185 4189 1303 4255 Adamo

316 4334 435 4393 auotore
475 4337 497 4411 η’
536 4329 681 4413 ἁμαρτία
722 4326 757 4390 in
790 4325 940 4389 mundum
973 4324 1058 4388 venit
1090 4329 1121 4388 et
1152 4346 1206 4410 per
1238 4345 1304 4387 eam
1335 4328 1340 4333 ’

316 4467 334 4530 o‘
355 4470 502 4539 θάνατος
528 4465 583 4548 (vs.
608 4465 673 4546 12).
721 4461 877 4543 Quaenam
899 4465 1001 4523 autem
1024 4480 1104 4522 mors
1126 4457 1167 4521 sit
1189 4456 1303 4520 intelli·
