3025 5275
814 646 855 709 82

340 842 559 903 πιστευόντων
590 834 649 925 (W
674 864 680 902 :
707 834 782 925 11);
815 833 1015 923 promissum,
1052 835 1080 901 ei
1103 836 1229 922 eiusque
1250 837 1329 924 proli

340 970 471 1050 factum,
504 969 625 1058 impleri
658 976 779 1036 tantum
812 975 913 1058 potest
941 969 1017 1049 fide,
1041 968 1203 1037 dummodo
1226 991 1329 1034 omnes

340 1104 403 1169 sint
426 1107 460 1169 ἐκ
484 1107 619 1180 πίστεως
641 1104 802 1193 Ἀβραάμ
827 1105 882 1191 (vs
908 1102 976 1193 16).

384 1238 434 1303 Sic
467 1237 564 1324 igitur
592 1238 666 1302 fides
688 1236 946 1317 Christianorum,
962 1237 1072 1302 natura
1094 1238 1163 1318 sut,
1187 1259 1249 1301 non
1272 1236 1329 1301 dif-

340 1369 398 1434 fert
420 1368 586 1434 seeundum
608 1367 740 1434 Paulum
763 1367 800 1434 ab
822 1368 989 1434 Abrahami
1011 1368 1079 1434 fide.

384 1503 493 1590 Itaque
518 1509 621 1568 nostro
643 1501 710 1567 loeo
731 1502 892 1568 formulam
917 1502 972 1568 διὰ
995 1505 1130 1578 πίστεως
1155 1510 1182 1567 Ι.
1209 1510 1255 1568 Χ.
1280 1523 1329 1566 ex·

339 1634 488 1722 plicamus
517 1634 607 1699 fidem
637 1633 670 1698 in
699 1634 764 1699 Deo
794 1634 941 1721 positam,
971 1657 1155 1721 quamquam
1177 1631 1332 1698 obiectum

339 1791 401 1834 non
434 1767 545 1842 diserte
577 1768 748 1848 indicatur,
784 1773 815 1831 et
850 1767 973 1853 quidem
1007 1774 1127 1833 auctore
1160 1769 1187 1833 Ι.
1213 1766 1267 1848 0.,
1294 1771 1331 1830 ut

338 1903 453 1969 Paulus
475 1902 579 1967 docuit
600 1902 688 1967 Rom.
707 1901 737 1964 V
762 1929 769 1967 :
795 1903 832 1981 1,
859 1922 949 1986 quem
966 1900 1067 1966 locum
1082 1906 1170 1966 antea
1184 1899 1330 1986 interpre-

339 2037 396 2101 tati
419 2059 533 2101 sumus.

383 2171 433 2236 Sic
452 2193 469 2235 e
490 2174 634 2235 contextu
656 2167 852 2254 cognovimus
875 2173 1015 2233 naturam
1038 2168 1130 2233 huius
1139 2167 1240 2259 fidei,
1254 2189 1331 2253 quae

339 2276 473 2367 conditis
495 2308 541 2366 est
564 2309 618 2385 τῆς
644 2301 869 2384 δικαιοσύνης,
894 2322 958 2365 esse
980 2300 1060 2364 illud
1077 2300 1235 2376 vinculum
1250 2299 1330 2363 inter

340 2435 440 2500 Deum
470 2442 501 2500 et
528 2435 701 2515 hominem,
733 2456 794 2519 quo
824 2457 856 2498 se
886 2434 914 2499 ei
936 2439 1093 2520 tamquam
1118 2433 1203 2499 Patri
1225 2431 1328 2497 tradit.

327 2569 427 2635 >Idem
444 2569 585 2634 docemur
603 2593 632 2634 v.
654 2573 693 2633 26
702 2619 712 2651 ,
736 2566 791 2633 ubi
813 2569 897 2634 Deus
919 2568 1032 2633 dicitur
1049 2568 1165 2633 iustum
1180 2567 1330 2636 declarare

341 2710 397 2771 τὸν
419 2709 453 2771 ἔτι
470 2708 605 2783 πίστεως
623 2710 739 2790 Ιησσῦ,
759 2704 831 2791 quia
845 2707 953 2783 πίστις
971 2705 1033 2770 sola
1047 2713 1094 2769 est
1109 2702 1252 2784 conditio,
1269 2724 1329 2788 qua

339 2838 439 2920 Deus,
463 2839 545 2904 salva
567 2861 621 2904 sua
642 2837 739 2926 ipsius
759 2837 894 2920 iustitia,
910 2838 1064 2904 hominem
1079 2837 1203 2925 probare
1217 2841 1326 2925 potest.

338 2970 482 3056 Sequitur
493 2972 562 3038 Gal.
574 2972 685 3051 11:16,
696 2971 782 3036 locus
798 2970 1066 3054 celeberrimum
1079 2994 1170 3057 quem
1180 2971 1249 3038 VV.
1257 2969 1332 3041 DD..

336 3103 374 3168 ab
404 3111 531 3189 utraque
560 3111 646 3191 paite
672 3111 836 3192 provocant
857 3105 896 3169 ad
917 3128 1002 3170 suam
1024 3104 1206 3170 sententiam
1228 3104 1327 3169 defen·

335 3238 474 3303 dandam.
519 3237 649 3304 Penitus
668 3238 816 3326 Apostolo
832 3260 1007 3325 persuasum
1024 3244 1079 3318 est,
1095 3237 1250 3303 hominem
1265 3258 1327 3302 non

334 3371 451 3436 iustum
483 3371 626 3438 declarari
661 3395 698 3438 ex
730 3371 871 3460 operibus
905 3372 1005 3458 legis,
1041 3372 1094 3437 sed
1127 3376 1248 3436 tantum
1271 3368 1326 3434 διὰ

334 3509 469 3584 πίστεως
504 3507 613 3592 Ἰησοῦ
648 3514 813 3592 Χριστοῦ,
851 3513 882 3572 et
915 3514 1021 3591 ἡμεῖς,
1060 3508 1104 3572 ita
1137 3505 1255 3594 pergit,
1283 3510 1328 3582 εἷς

334 3643 480 3726 Χριστὸν
511 3640 641 3725 Ἰησοῦν
671 3643 922 3739 ἐπιστεύσαμεν,
953 3643 1011 3705 ἵνα
1035 3639 1265 3723 δικαιωθῶμεν
1289 3643 1324 3707 ἐκ

333 3777 469 3850 πίστεως
500 3779 645 3859 Χριστοῦ
679 3777 733 3839 καὶ
766 3774 823 3838 οὐκ
855 3774 890 3850 ἐξ
921 3774 1026 3859 ἔργων
1052 3778 1163 3858 νόμον.
1209 3773 1326 3837 Mirum

336 3929 406 3970 sane
438 3907 530 3986 foret,
565 3906 591 3970 si
624 3905 753 3970 formula
786 3908 894 3981 πίστις
918 3914 946 3974 I.
972 3913 1017 3973 X.
1046 3905 1226 3992 explicanda
1247 3912 1326 3970 esset

332 4041 405 4105 fides
433 4041 467 4105 in
496 4042 524 4111 Ι.
557 4041 592 4106 Ο.
608 4041 741 4128 posita,
777 4042 908 4106 Paulum
941 4041 999 4106 hoc
1028 4041 1111 4121 loeo,
1144 4047 1179 4105 ut
1202 4062 1324 4105 omnem

332 4174 562 4260 ambiguitatem
580 4176 716 4257 tolleret,
736 4198 798 4241 non
818 4176 921 4262 potius
933 4177 1106 4263 scripsisse:
1120 4175 1175 4242 διὰ
1187 4179 1324 4251 πίστεως

333 4313 377 4384 εἷς
424 4314 585 4394 Χριστόν,
634 4331 710 4393 quae
752 4309 885 4373 formula
930 4309 957 4373 ei
1005 4331 1068 4373 nnn
1113 4313 1178 4373 erat
1218 4308 1324 4393 ignota

336 4445 400 4530 (cfr.
432 4442 497 4509 Col.
521 4444 556 4507 II
582 4472 588 4510 :
616 4446 669 4532 5):
701 4466 852 4529 nusquam
887 4442 968 4508 enim
1002 4449 1122 4508 tantum
1155 4441 1325 4530 euphoniae
