3025 5275
691 689 731 756 37

217 880 428 967 unusquisque
469 889 514 947 est
553 885 616 948 ὑπὸ
652 892 820 971 κατάραν;
856 908 927 950 nam
961 888 1108 974 scriptum
1143 897 1206 955 erat

219 1016 322 1101 (Deut.
357 1015 486 1081 XXVH
521 1042 528 1081 τ
565 1018 636 1100 26):
678 1021 939 1103 ρέπικατάρατος
974 1026 1038 1108 πᾶς
1078 1024 1126 1121 ὃς.
1147 1023 1205 1087 οὐκ

218 1149 345 1233 ἐμμένει
369 1152 403 1214 ἐν
428 1156 505 1213 πᾶσι
530 1157 598 1226 τοῖς
621 1150 855 1236 γεγραμμένοις
880 1153 915 1215 ἐν
939 1159 983 1234 τῲ
1007 1150 1126 1239 βιβλίῳ
1150 1160 1205 1219 τοῦ

217 1289 335 1366 νόμον,
360 1292 414 1348 τοῦ
438 1290 571 1364 ποιῆσαι
597 1283 680 1347 αὐτά
707 1281 788 1367 (Gal.
812 1282 866 1347 HI
890 1310 897 1348 ι
924 1285 996 1367 10),
1019 1307 1096 1369 quae
1118 1285 1206 1353 verba

216 1413 310 1479 libere
333 1438 350 1479 a
371 1414 466 1479 Paulo
489 1437 505 1478 e
528 1413 664 1479 versione
688 1417 753 1480 τῶν
779 1414 868 1479 LXX
893 1422 966 1480 sunt
988 1417 1093 1504 petita.

261 1547 301 1611 Et
345 1547 393 1611 lex
437 1545 554 1612 homini
598 1546 715 1611 nullam
759 1569 847 1634 opem
887 1548 990 1613 afferre
1032 1551 1133 1637 potuit
1163 1551 1201 1616 ad

215 1679 440 1766 obsequendum
470 1680 534 1744 eius
568 1679 755 1767 praeceptis:
791 1681 904 1746 etenim
933 1705 1049 1770 semper
1070 1686 1203 1767 ἠσθένει

217 1813 272 1878 διὰ
303 1822 358 1897 τῆς
379 1819 494 1898 σαρκός
520 1813 618 1898 (Rem.
641 1813 725 1878 VIII
750 1841 757 1877 :
783 1815 835 1899 3),
859 1837 930 1878 nam
951 1815 1041 1880 homo
1065 1823 1111 1882 est
1134 1825 1204 1904 σάρ·

217 1973 325 2025 κινος,
357 1947 434 2032 σάρξ
457 1946 491 2009 in
514 1967 548 2010 eo
570 1946 682 2032 primas
704 1948 770 2032 agit
791 1954 891 2034 partes
913 1954 945 2013 et
967 1949 1011 2013 ita
1034 1949 1205 2018 libertatem

216 2102 301 2146 suam
333 2080 448 2145 amittit
481 2086 511 2144 et
544 2078 705 2143 subiicitur
739 2086 783 2165 τῷ
819 2086 906 2165 νόμῳ
941 2090 996 2165 τῆς
1027 2087 1199 2169 ἁμαρτίας.

215 2216 352 2301 Apparet
365 2215 462 2300 igitur
476 2236 530 2278 nos
545 2213 599 2278 illa
615 2212 705 2277 verba
720 2220 755 2277 τό
773 2217 833 2297 γὰρ
851 2214 1016 2281 ἀδύνατον
1031 2223 1086 2282 τοῦ
1101 2217 1200 2301 νόμον

217 2348 312 2432 (VIII
336 2374 342 2411 :
369 2349 400 2432 3)
431 2370 491 2412 non
515 2369 585 2411 rum
607 2344 747 2433 pluribus
769 2346 987 2434 interpretibus
1009 2350 1201 2437 intelligere:

216 2483 426 2561 κατακρίνειν
455 2487 514 2564 τὴν
541 2482 707 2564 ἁμαρτίαν
732 2484 767 2545 ἐν
788 2491 828 2566 τῇ
846 2486 940 2568 σαρκί
964 2522 1007 2533 —-
1030 2484 1142 2548 etenim
1164 2484 1203 2548 ad

215 2615 272 2680 hoc
290 2614 339 2680 lex
358 2636 420 2680 non
438 2614 541 2702 inepta
560 2619 655 2691 esset,
680 2635 750 2678 nam
774 2619 837 2678 erat
859 2616 1014 2682 διακονία
1032 2624 1087 2700 τῆς
1105 2644 1202 2682 κατα-

217 2752 346 2836 κρίσεως
372 2751 403 2834 (2
427 2749 494 2814 Cor.
518 2748 572 2814 III
597 2777 603 2812 :
629 2750 660 2832 9)
685 2786 729 2796 —-
752 2746 805 2811 sed
826 2751 883 2815 ἵνα
904 2755 939 2815 τὸ
964 2751 1126 2835 δικαίωμα
1146 2758 1201 2817 τοῦ

216 2889 317 2967 νόμον
341 2882 501 2969 πληρωθῇ
525 2885 559 2948 ἐν
582 2889 678 2965 ἡμῖν,
702 2890 737 2945 ut
758 2890 916 2970 praecepte
938 2884 1015 2970 legis
1034 2885 1203 2950 satisfacere

215 3038 370 3102 possemus
403 3020 458 3102 (vs.
489 3018 521 3101 4)
546 3017 603 3080 hoe
625 3016 672 3081 lex
696 3017 730 3080 in
752 3016 841 3081 nobis
863 3019 978 3082 efficere
1001 3041 1062 3089 nou
1086 3019 1203 3105 potuit,

216 3149 263 3213 vel
296 3171 323 3212 a.
354 3173 383 3215 r.
418 3155 454 3213 ut
487 3148 608 3213 nullum
639 3148 728 3214 nobis
762 3150 893 3237 amplius
916 3157 994 3214 esset
1019 3158 1203 3237 κατάκριμα

217 3285 272 3369 (vs.
298 3285 329 3368 1)
368 3285 391 3367 ).

258 3416 415 3481 Praeterea
439 3415 476 3481 ad
501 3437 585 3480 suam
611 3416 793 3481 seutentiam
816 3417 1049 3481 confirmandam
1073 3417 1111 3481 de
1132 3419 1201 3504 lege

215 3548 253 3614 ad
274 3549 427 3614 hominem
448 3549 565 3613 iustum
588 3548 801 3614 declarandum
831 3550 950 3637 inepta,
982 3550 1096 3615 Paulus
1118 3551 1216 3616 affert'

215 3682 388 3768 'exemplum
409 3679 575 3746 Abrahami
598 3681 695 3765 (Rom.
708 3680 755 3745 IV
769 3708 776 3745 t
790 3683 895 3759 1-5,
918 3681 987 3746 Gal.
1000 3683 1054 3747 III
1067 3710 1073 3747 :
1088 3687 1199 3767 6-9).

214 3813 388 3878 Patriarcha
408 3814 498 3879 fidem
520 3813 628 3879 habuit
648 3813 713 3876 Deo
735 3819 766 3877 et
788 3814 832 3878 ita
845 3815 1056 3899 δικαιοσύνην
1068 3816 1201 3902 aceepit3

214 3969 317 4012 omnes
346 3946 442 4031 igitur
472 3947 526 4032 qui
556 3953 628 4011 sunt
650 3969 687 4010 ex
708 3946 786 4026 fide,
810 3953 883 4012 sunt
903 3947 1070 4013 Abrahami
1091 3950 1148 4014 filii
1172 3956 1202 4014 et

214 4081 317 4146 eadem
343 4081 458 4145 ratione
487 4080 562 4144 iusti
589 4079 789 4145 declarantur.
835 4079 968 4145 Addidit
989 4089 1202 4166 argumentum

214 4265 372 4276 ......--·-

253 4363 283 4438 1)
304 4360 360 4420 cfr.
389 4360 462 4419 Clar.
494 4359 635 4419 Hoekstra
666 4360 684 4420 l.
706 4360 724 4418 l.
754 4377 817 4436 pag.
853 4361 910 4417 153
941 4379 1001 4438 sqq.
1044 4360 1089 4419 Sic
1119 4361 1202 4423 etiam

211 4469 332 4555 explicat
352 4468 432 4533 Doet.
456 4467 602 4545 Visaering
620 4467 651 4526 in
671 4467 724 4533 ud.
744 4469 776 4529 11
796 4487 863 4533 suae
884 4466 1028 4535 versionis,
