3025 5275
793 681 890 741 66·

318 875 394 940 saria
417 881 478 954 est,
503 896 563 958 qua
583 873 674 937 homo
695 871 796 935 iustus
819 868 964 947 habetur,
989 867 1061 952 quia
1082 867 1165 932 Deus
1184 867 1312 932 δικαιοῖ

229 1010 231 1012 ’
317 1013 438 1071 tantum
473 1005 627 1090 κλητοιίς,
663 1004 685 1069 i.
721 1026 747 1068 e.
783 1001 821 1067 ad
854 1000 944 1065 fidem
973 1001 1035 1065 iam
1065 999 1241 1085 perductos,
1265 999 1309 1062 sic

317 1140 411 1219 satia,
454 1161 513 1223 qua
554 1138 637 1201 Deus
674 1136 773 1200 utitun
804 1142 838 1199 ut
868 1134 942 1198 haec
977 1133 1143 1209 δικαίωσις
1176 1154 1208 1195 re
1241 1153 1311 1195 vera

317 1273 435 1336 locum‘
449 1268 559 1335 habere
588 1269 701 1356 possit,
726 1275 772 1333 est
795 1276 817 1352 ἡ
838 1265 1059 1352 (inattenuata
1082 1273 1104 1349 ή
1129 1268 1162 1331 ἐκ
1188 1272 1252 1349 Χρ.
1279 1272 1308 1329 Ι.

321 1402 385 1489 (ΠΙ
410 1430 417 1468 :
443 1405 508 1488 24).
556 1401 614 1465 Sed
637 1400 746 1464 dehis
769 1404 874 1485 postea
895 1397 1076 1463 videbimus.

363 1534 467 1600 Prima
490 1541 544 1618 τῆς
570 1535 768 1609 δικαιώσεως
793 1553 898 1596 caussa
920 1531 1053 1596 cernitur
1067 1529 1102 1593 in
1117 1528 1176 1593 Dei
1193 1535 1310 1618 χάριτι,
1408 1587 1411 1592 .

318 1670 408 1734 homo
439 1668 625 1734 δικαιοῦται
659 1667 784 1753 capsas
818 1665 915 1750 (1112
942 1665 1016 1749 24),
1041 1664 1212 1730 danninum
1236 1668 1310 1728 tam·

321 1825 411 1888 quam
442 1802 555 1866 donum
585 1802 714 1888 accipit,
745 1800 868 1865 nullum
891 1804 936 1863 est
960 1798 1025 1863 eius
1047 1797 1201 1862 meritum.
1249 1796 1312 1879 Qui

321 1937 355 2013 ἐξ
378 1938 481 2020 ἔργων
505 1941 605 2018 νόμον
629 1934 836 2011 δικαιοῦται,
861 1929 953 1996 habet
972 1930 1122 2016 gloriandi
1136 1929 1310 2008 materiem,

276 2092 283 2108 ·
321 2068 417 2153 exigit
441 2037 522 2152 quod
541 2068 568 2132 ci
587 2066 731 2147 debetur,
755 2067 924 2146 canusia,
949 2065 1003 2150 qui
1027 2066 1150 2150 δωρεὰν
1169 2065 1311 2130 δικαιοῦ·

319 2226 392 2278 ται,
429 2221 529 2265 coram
563 2201 627 2264 Deo
661 2200 784 2264 nullum
814 2197 906 2264 habet
943 2202 1094 2285 καύχημα
1127 2195 1194 2282 (ΙΠ
1218 2222 1225 2259 :
1251 2197 1311 2273 27,

319 2332 367 2399 IV
398 2361 405 2398 ε
439 2336 489 2419 2),
525 2333 577 2398 sed
612 2332 677 2397 eius
700 2333 814 2418 gratiae
836 2332 938 2397 omnia
964 2330 1063 2397 debet.
1110 2329 1193 2394 Deus
1216 2328 1312 2414 igitur

318 2465 473 2530 hominem
502 2465 629 2531 δικαιοῖ
652 2467 750 2551 (Rem.
776 2465 829 2531 ΠΙ
853 2494 860 2531 :
887 2468 948 2544 26,
977 2467 1037 2544 30,
1062 2463 1164 2529 I'V15
1174 2513 1184 2541 ,
1207 2461 1311 2527 VHI:

322 2600 381 2677 30,
407 2600 467 2687 dd,
502 2599 572 2664 Gal.
596 2598 650 2664 ΙΠ
674 2627 680 2663 :
708 2601 759 2686 8),
795 2620 889 2685 eaque
922 2604 977 2664 τοῦ
1003 2597 1210 2674 δικαιοῦντος
1234 2593 1313 2661 actio

319 2732 432 2796 dicitur
460 2741 481 2815 ἡ
511 2732 677 2810 δικαίωσις
695 2736 726 2819 1)
759 2734 857 2819 (Bam.
881 2732 928 2797 IV
953 2759 960 2796 ι
986 2734 1046 2810 25,
1069 2730 1098 2794 V
1123 2758 1130 2793 τ
1156 2731 1230 2815 18),
1254 2750 1314 2813 qua

360 3073 389 3146 1)
410 3070 507 3128 Minus
528 3075 602 3129 recte
623 3073 720 3131 Reuss.
741 3073 760 3130 1.
777 3072 798 3131 l.
809 3091 872 3150 pag.
892 3073 956 3143 173,
974 3078 1106 3151 δικαίωμα
1118 3070 1200 3134 Βοιο,
1214 3076 1228 3128 5
1242 3096 1249 3129 ι
1263 3072 1316 3141 16,

318 3177 367 3235 ubi
398 3177 550 3254 opponitur
573 3188 766 3260 κατακρίμοιτι,
790 3198 854 3237 cum
877 3182 1026 3262 δικαιοσύνῃ
1049 3176 1206 3236 confundit.
1249 3175 1316 3235 Cae·

315 3293 406 3345 terum
428 3285 620 3366 quaestionem
641 3286 676 3346 de
700 3287 814 3348 nodone
834 3301 881 3356 τῆς
897 3292 1055 3356 δικαιώσεως
1066 3286 1112 3346 hic
1123 3286 1184 3344 fuse
1195 3290 1316 3345 tractare

316 3414 374 3453 non
403 3414 561 3471 possumus.
604 3394 659 3453 cn.
682 3395 711 3454 in
732 3396 832 3474 primis
852 3395 1038 3455 Rauwenhoff
1059 3394 1090 3453 in
1112 3393 1315 3474 disquisitione

317 3502 350 3560 de
367 3504 425 3560 loco
445 3503 577 3573 Paulino,
602 3503 649 3578 qui
668 3507 708 3561 est
729 3504 762 3561 de
783 3508 932 3573 δικαίωσει,
949 3509 998 3574 et,
1024 3502 1074 3581 qui
1095 3501 1125 3560 in
1147 3502 1232 3560 aliam
1253 3520 1314 3559 sen·

315 3609 433 3668 tentiam
463 3610 535 3679 abit,
566 3610 648 3669 Dect.
678 3611 794 3689 Lipsius
818 3612 849 3670 in
870 3610 1023 3689 opusculo,
1056 3610 1119 3681 „die
1138 3609 1315 3667 Ρακίίιιίιαῦι

317 3715 628 3791 Rechtjertipunqaletrc
649 3717 718 3774 nnat
740 3717 791 3775 den
811 3719 869 3775 οιόν
888 3717 1090 3791 Hauptbriesen
1101 3711 1314 3790 deaApcatela.”

357 3823 647 3882 Animadvertendum
679 3833 789 3894 tamen,
824 3825 918 3904 ipsum
946 3825 1020 3885 Glar.
1041 3823 1227 3884 Rauwenhoff
1245 3822 1314 3883 reie·
1368 3892 1370 3896 ¹

317 3930 389 3990 cisse
410 3932 569 4003 discrimen,
581 3932 659 4011 quod
671 3940 755 3992 antea
769 3933 922 3994 vindicavit
935 3933 1010 3992 inter
1026 3939 1119 3993 actum
1134 3932 1188 3991 Dei
1197 3932 1316 4009 efficien-

318 4044 370 4097 tem
385 4040 534 4098 hominum
548 4040 667 4099 salutem
683 4046 710 4099 et
725 4049 820 4101 actum
834 4041 888 4101 Dei
903 4043 1130 4112 nazaraeorum,
1145 4061 1202 4121 quo
1217 4040 1314 4099 fideles

316 4148 406 4207 iustos
438 4149 576 4219 declarat,
608 4168 729 4227 quorum
761 4151 831 4210 alter
865 4156 938 4209 esset
966 4171 1065 4210 caussa
1091 4148 1314 4219 iustificationis,

317 4257 387 4315 alter
416 4257 578 4316 iustificatio
605 4256 668 4334 ipsa
695 4254 728 4337 (l.
760 4257 779 4316 l.
810 4277 874 4335 pag.
908 4261 972 4336 41),
997 4258 1033 4318 de
1054 4279 1109 4338 qua
1133 4257 1314 4318 distinctione

316 4364 432 4442 Lipsius
459 4364 490 4441 (l.
519 4366 539 4424 l.
567 4384 630 4443 pag.
661 4367 726 4438 19):
757 4385 841 4436 „man
865 4365 939 4424 sieht
960 4366 1051 4426 semer
1073 4366 1138 4425 dass
1159 4366 1207 4425 die
1228 4385 1314 4443 ganze

318 4471 480 4550 Scheidnng
508 4472 558 4531 auf
577 4473 640 4531 eine
661 4472 843 4533 dialectische
864 4474 1093 4563 Spitafindigkeit
1114 4472 1314 4534 hinauslauit.''
