3025 5275
815 678 857 742 84

382 872 529 960 Legimus
558 872 627 937 Gal.
659 871 713 935 ΙΙΙ
744 898 752 935 :
787 873 850 935 22:
885 868 1091 936 συνέκλεισεν
1115 876 1137 952 ἡ
1159 873 1265 954 γραφὴ
1291 871 1332 932 τὰ

341 1011 451 1071 πάντα
481 1008 543 1071 ὑπὸ
573 1006 760 1091 ἁμαρτίαν,
792 1005 850 1070 ἳνα
881 1010 903 1087 ή
934 1000 1113 1083 ἐπαγγελία
1138 1003 1172 1066 τ’τι
1197 1002 1332 1076 πίστεως

340 1136 451 1221 Ἰησοῦ
486 1144 631 1221 Χριστοῦ
667 1135 754 1222 δοθῇ
789 1143 857 1212 τοῖς
895 1139 1093 1201 πιστεύουσι.
1150 1133 1335 1221 Proponitun

339 1269 390 1333 lex
426 1268 625 1362 'paedagogus
658 1268 696 1334 ad
738 1267 897 1333 Christum
932 1269 988 1354 (vs.
1027 1268 1100 1352 2403
1134 1266 1193 1331 hoc
1227 1265 1333 1353 paeda·

339 1424 418 1488 gogo
457 1402 594 1467 homines
639 1425 701 1467 non
745 1402 878 1489 amplius
920 1400 1117 1487 indigebant,
1156 1422 1252 1485 quum
1284 1422 1333 1465 ve·

339 1540 425 1598 neret
468 1534 523 1599 illa
566 1534 691 1620 religio,
737 1535 826 1600 cuius
871 1534 990 1599 indoles
1036 1540 1083 1598 est
1121 1532 1217 1599 fides:
1262 1555 1334 1598 nam

317 1667 415 1731 tacti
445 1673 518 1732 sunt
547 1666 605 1731 Dei
634 1666 691 1730 filii
713 1665 896 1753 perfidem,
923 1665 958 1730 in
982 1662 1099 1729 Christi
1122 1661 1335 1728 communione

345 1802 400 1885 (vs,
436 1803 500 1887 26).
558 1800 625 1866 Iam
658 1822 728 1865 vcro
762 1801 837 1866 haec
870 1799 961 1879 fides,
992 1799 1102 1889 naturt
1136 1799 1207 1878 sut,
1230 1797 1335 1863 eadem

343 1938 389 1996 est
440 1941 532 2018 atque
576 1955 627 2013 ea,
671 1954 762 2018 quam
795 1931 988 1998 Abrahamus
1020 1931 1055 1996 in
1088 1931 1153 1997 Deo
1186 1928 1335 2009 habebat,

341 2065 429 2129 ouius
457 2064 515 2130 filii
550 2071 622 2129 sunt
655 2068 687 2130 οἱ
722 2069 756 2131 ἔτι
792 2068 928 2142 πίστεως
966 2067 1021 2152 (vs.
1059 2067 1101 2150 7).
1146 2062 1335 2128 Promissum

340 2196 453 2283 igitur,
493 2197 685 2264 Patriarchae
732 2199 865 2280 factum,
905 2200 939 2265 in
975 2197 1016 2263 iis
1054 2202 1176 2262 tantum
1212 2194 1335 2283 impleri

340 2336 461 2417 potest,
489 2331 560 2417 qni,
584 2338 618 2396 ut
636 2331 707 2412 illc,
735 2332 770 2397 in
792 2331 857 2397 Deo
878 2332 969 2397 fidem
992 2336 1128 2418 ponunt,
1153 2327 1334 2395 cuiuafidei

341 2464 481 2530 Christus
503 2466 537 2532 in
560 2466 600 2530 iis
622 2472 726 2531 auctor
748 2471 812 2546 est,
831 2466 866 2530 in
881 2466 969 2530 ouius
984 2462 1197 2530 communione
1212 2469 1334 2540 πάντες

342 2596 388 2675 εἷς
411 2603 470 2664 εἰσι
497 2599 551 2685 (vs.
578 2601 632 2686 28)
658 2600 702 2685 1).
813 2642 816 2651 «

342 2813 523 2826 η

383 2959 415 3029 1)
435 2955 509 3015 Phih
530 2959 596 3015 329
622 2955 728 3015 Paulus
751 2955 838 3027 dicit,
861 2975 891 3015 ee
912 2956 1013 3016 habere
1035 2976 1129 3017 veram
1150 2962 1335 3031 δικαιοσύνην,

339 3072 386 3130 τὴν
420 3071 448 3125 ἐκ
478 3076 559 3134 Θεοῦ,
593 3063 718 3123 iustitiae
751 3064 926 3141 oppositam,
961 3084 1031 3144 quae
1061 3072 1104 3124 est
1130 3072 1158 3126 ἐκ
1180 3070 1278 3147 νόμου,
1305 3064 1337 3123 in

340 3171 536 3230 communione
578 3170 700 3243 Christi,
748 3177 776 3230 et
817 3171 952 3251 quidem,
984 3176 1030 3233 διὰ
1061 3181 1171 3242 πίστεώς
1202 3183 1335 3254 Χριστοῦ,

341 3284 369 3337 et
411 3262 484 3357 ffph.
519 3283 536 3338 3
571 3306 578 3339 :
612 3284 649 3339 12
690 3288 738 3349 τὴν
785 3286 935 3362 παῤῥησίαν
981 3287 1025 3342 καὶ
1068 3294 1115 3348 τήν
1160 3288 1336 3362 προσαγωγὴν

341 3391 387 3448 διὰ
427 3399 474 3456 τῆς
512 3395 622 3458 πίστεως
658 3395 750 3450 αὐτοῦ.
805 3386 860 3447 Cir.
893 3388 955 3448 Act.
988 3391 1005 3446 3
1038 3391 1136 3459 2⁴16,
1168 3389 1216 3449 ubi
1247 3394 1290 3448 eet
1319 3394 1335 3454 ἡ

341 3503 428 3563 πίστις
459 3503 474 3562 ἡ
505 3494 539 3556 δι’
572 3503 653 3557 αὐτοῦ
687 3500 715 3554 ei
745 3497 836 3574 Apoc.
872 3498 936 3554 142
959 3499 1015 3566 12,
1045 3495 1128 3564 Ubii]
1151 3503 1238 3567 πίστις
1257 3492 1336 3562 imni}
1383 3550 1387 3557 ,

341 3609 369 3658 et
409 3609 436 3662 αἱ
481 3607 582 3664 ἐντολαὶ
624 3614 671 3665 τοῦ
712 3614 779 3666 Θεοῦ
820 3603 1037 3680 coniunguntur.
1089 3603 1338 3681 Quemadmodum

342 3707 552 3786 quaestionem,
594 3716 689 3771 utrum
731 3711 873 3788 genitivus
912 3710 943 3769 in
974 3711 1095 3770 formula
1127 3720 1215 3782 πίστις
1243 3727 1266 3774 Ι.
1298 3725 1335 3774 X.

341 3817 379 3874 ait
415 3816 587 3887 obiectivus‚
623 3818 704 3878 nobis
735 3825 844 3878 tantum
877 3819 1016 3896 attingere
1047 3818 1145 3888 licuit,
1178 3818 1219 3879 sio
1248 3818 1337 3878 varias

341 3922 490 3982 sententias
511 3943 627 3997 eorum,
648 3904 697 4006 qui
718 3947 783 3987 eum
803 3927 974 3987 obiectivum
996 3946 1056 3986 esee
1074 3933 1192 4004 negant,
1215 3926 1337 3986 nonnisi

342 4031 425 4090 verbo
434 4051 694 4094 commemoramus.
717 4036 825 4095 Horum
838 4035 887 4094 alii
898 4035 1048 4095 formulam
1060 4040 1183 4094 nostram
1194 4034 1339 4113 explicant

341 4141 444 4211 fidem,
486 4160 572 4221 quam
612 4143 635 4202 Ι.
673 4143 704 4202 0.
741 4143 840 4203 habuit
880 4151 907 4201 et
945 4143 1026 4203 cuius
1063 4142 1145 4202 nobis
1176 4143 1339 4221 exemplum

341 4247 490 4326 praebuit,
532 4249 582 4308 alii
623 4251 800 4322 fidelitatem,
843 4271 928 4330 quum
970 4251 992 4311 Ι.
1027 4252 1058 4311 O.
1092 4251 1253 4330 praestitit,
1287 4250 1338 4310 alii

341 4357 496 4433 genitivum
538 4358 660 4417 auctoris
694 4358 931 4437 interpretantur,
967 4359 1018 4420 sed
1050 4360 1175 4437 cogitant
1205 4359 1241 4418 de
1271 4358 1339 4418 fidei
1385 4404 1391 4414 ,

342 4464 486 4535 doctrina,
517 4466 598 4527 cuius
629 4467 653 4526 Ι.
679 4466 710 4527 Ο.
741 4473 840 4527 auctor
868 4473 911 4527 est
935 4466 975 4550 (e.
997 4488 1022 4529 c.
1043 4468 1235 4546 Bosveldiua).
1278 4467 1339 4527 cri-
