3025 5275
695 689 736 755 69

219 882 313 968 (αὐτὸ
353 887 387 949 τὸ
426 891 552 968 πνεῦμα
588 892 810 972 συμμαρτυρεῖ
841 892 886 972 τῷ
921 890 1082 971 πνεύματι
1116 893 1206 972 ἡμῶν

217 1018 305 1083 Rom.
329 1018 412 1083 VIII
438 1047 445 1084 :
471 1021 543 1104 16),
567 1018 734 1094 alibivero
755 1017 897 1083 habitans
920 1019 953 1084 in
975 1019 1063 1084 nobis
1077 1022 1207 1105 (οἰκεῖν,

218 1145 302 1218 εἶναι
335 1155 369 1216 ἐν
399 1161 475 1235 ἡμῖν
506 1154 593 1217 Rom.
624 1152 708 1217 VIII
741 1180 747 1216 :
782 1156 842 1231 11,
877 1156 895 1217 1
928 1151 995 1219 Cor.
1028 1154 1082 1220 III
1114 1181 1121 1218 :
1148 1157 1187 1218 16
1197 1203 1207 1232 ,

217 1284 264 1348 VI
295 1309 302 1350 :
335 1285 406 1373 19),
436 1287 480 1351 ita
510 1295 546 1351 ut
576 1309 684 1373 eorpus
714 1293 852 1351 nostrum
882 1288 912 1353 S.
936 1289 966 1353 S.
991 1289 1142 1375 templum
1166 1289 1207 1353 sit

221 1419 251 1503 (1
277 1417 345 1483 Cor.
372 1419 451 1485 VI:
477 1417 553 1507 19),
585 1420 750 1506 Apostolus
781 1420 878 1484 varios
901 1421 1011 1507 gradus
1035 1421 1205 1506 signifieat:

217 1550 250 1616 in
282 1551 343 1616 alio
376 1553 434 1617 Dei
468 1553 593 1639 spiritus
626 1554 796 1618 humanum
828 1555 969 1641 spiritum
997 1556 1152 1642 perfundit
1174 1578 1208 1620 ao

218 1691 356 1751 sanetum
385 1687 502 1766 reddit,
532 1687 576 1751 ita
606 1693 708 1751 tamen
739 1692 776 1750 ut
805 1688 833 1751 ei
860 1688 959 1752 adhue
981 1689 1083 1753 locum
1105 1689 1207 1769 cedat,

215 1820 249 1884 in
278 1821 338 1885 alio
355 1821 426 1885 'veno
448 1820 676 1886 tabemaenlnm
697 1820 802 1906 ponit,
827 1821 872 1885 ita
895 1827 930 1884 ut
952 1822 980 1885 ei
1003 1822 1134 1908 amplius
1155 1823 1208 1887 vix

215 1955 299 2020 locus
322 1955 461 2042 supersit.
509 1954 573 2036 Qui
595 1952 764 2018 arctissimo
782 1953 904 2019 vinculo
920 1977 991 2019 eum
1006 1955 1138 2020 Domino
1154 1978 1208 2021 suo

215 2095 261 2153 est
283 2088 480 2168 coniunctus,
505 2110 584 2152 unus
607 2110 677 2151 cnm
699 2110 733 2151 eo
755 2094 801 2151 est
817 2087 943 2174 spiritus
958 2090 988 2171 (ὁ
1004 2087 1206 2174 κολλώμενος

216 2231 261 2307 τῷ
285 2226 386 2308 κυρίῳ
410 2225 445 2288 ἓν
469 2227 596 2306 πνεῦμά
612 2225 677 2286 ἐστι
701 2219 802 2285 1001.
815 2221 862 2286 VI
876 2249 883 2286 :
897 2221 972 2302 1113
989 2244 1085 2286 unum
1097 2244 1205 2313 eorpns

215 2358 329 2422 efficere
359 2356 470 2421 debent
499 2357 603 2420 omnes
632 2361 859 2433 πιστεύοντες,
883 2356 937 2440 qui
959 2378 1021 2421 uno
1044 2356 1209 2441 eodemque

216 2488 326 2575 spiritu
349 2494 422 2553 sunt
443 2487 555 2552 imbuti
581 2486 612 2575 (1
637 2486 704 2551 Cor.
729 2487 828 2552 XII:
854 2489 922 2572 13).
962 2488 1093 2553 Minime
1111 2488 1208 2574 igiiur

214 2621 329 2687 Paulus
351 2621 447 2700 docet,
471 2621 571 2686 Deum
593 2620 734 2707 spiritum
757 2643 847 2685 suum
870 2620 971 2686 subito
993 2628 1024 2687 et
1046 2629 1206 2709 tamquam

215 2778 276 2820 uno
316 2756 459 2842 temporis
503 2761 655 2820 momento
687 2754 847 2819 hominum
880 2754 990 2819 animis
1023 2757 1204 2823 infundere:

216 2914 307 2976 quem
336 2892 420 2956 Deus
442 2890 576 2969 vocavit,
598 2890 621 2954 i.
646 2912 671 2954 e.
696 2889 859 2974 Euangeiii
886 2890 1145 2957 commendatione
1168 2892 1207 2957 ad

215 3026 305 3091 fidem
339 3000 497 3112 pereum,
529 3024 556 3087 n
583 3023 613 3088 s,
642 3023 672 3088 o.
697 3022 848 3087 imbuitur
872 3021 954 3110 (on.
978 3024 1032 3088 111
1057 3051 1063 3088 ÷
1090 3028 1127 3104 ο,
1153 3026 1205 3110 ε),

215 3160 319 3225 Iesum
348 3158 515 3222 Dominum
545 3179 635 3220 suum
665 3156 803 3240 agnosost
839 3154 869 3243 (1
906 3154 973 3220 Cor.
1009 3156 1077 3221 XII
1112 3185 1118 3222 :
1154 3155 1186 3245 3)
1197 3187 1206 3239 3

214 3292 320 3379 procul
335 3298 453 3356 'tamen
475 3289 559 3355 abest
582 3295 618 3353 ui
641 3289 745 3353 statim
769 3311 849 3352 unus
872 3289 997 3375 spiritus
1019 3311 1088 3353 eum
1111 3312 1146 3354 eo
1168 3290 1209 3354 sit

214 3424 322 3489 faetus.

258 3555 304 3618 Ut
336 3554 366 3618 S.
401 3554 433 3618 S.
466 3559 574 3617 natura
606 3557 687 3615 reete
719 3550 930 3636 intelligatur,
965 3552 1129 3638 opponitur
1158 3557 1203 3638 τῷ
1240 3596 1243 3600 -

215 3693 376 3771 πνεύματι
411 3691 467 3752 τοῦ
503 3691 622 3768 κόσμου
658 3682 689 3772 (1
726 3681 793 3749 Cor.
827 3683 863 3748 Π
887 3711 894 3748 :
920 3685 994 3768 12),
1027 3705 1087 3768 quo
1110 3684 1209 3750 utitur

215 3821 304 3886 homo
326 3820 502 3908 psychicuS,
527 3842 587 3904 quo
608 3818 710 3883 omnia
730 3840 781 3897 ea,
808 3838 885 3902 quae
900 3817 958 3882 Dei
975 3803 1101 3905 spiiitus
1117 3825 1206 3897 sunt,

215 3955 315 4019 reiicit
321 4005 331 4034 ,
360 3955 432 4038 quia
454 3954 482 4017 ei
506 3953 600 4017 stulta
622 3951 765 4016 videniur
790 3949 846 4038 (ve.
872 3950 939 4036 14).

262 4085 502 4168 QuaerentibuS,
537 4085 612 4170 quid
645 4085 675 4148 S.
711 4084 742 4147 S.
778 4082 891 4146 donum
914 4083 948 4146 in
970 4083 1059 4148 nobis
1080 4083 1206 4164 efficiat,
1262 4156 1264 4161 ¹

217 4220 298 4286 hand
327 4243 388 4284 una
417 4219 570 4306 responsio
604 4224 706 4305 parata
741 4221 796 4279 esi.
843 4215 873 4279 S.
897 4215 927 4279 S.
959 4238 1015 4302 ope
1043 4239 1126 4281 amor
1148 4217 1207 4281 Dei

216 4355 251 4419 in
283 4354 406 4419 homine
440 4353 552 4418 effinsus
583 4359 645 4431 est,
670 4352 727 4416 hoo
751 4371 828 4413 novo
848 4349 998 4435 principio
1022 4351 1207 4415 conscientia

216 4487 275 4561 Dei
305 4509 376 4581 erga
409 4486 546 4569 homines
579 4486 688 4559 amoris
723 4484 874 4561 exoritur,
912 4483 956 4553 ita
989 4488 1042 4571 ut,
1067 4485 1208 4558 etiamsi
