3025 5275
678 686 720 752 41

252 884 321 967 Quo
343 892 444 949 aut-em
466 888 547 947 statu
569 880 733 947 utebantur
748 881 804 946 sub
821 881 910 967 loge?
935 881 1030 947 Erant
1040 886 1195 966 tamquam

206 1018 338 1105 captivi,
362 1015 663 1100 συγκεκλασμένοι,
689 1013 723 1079 in
742 1037 890 1080 carcerem
913 1015 1041 1079 coniecti
1057 1014 1112 1079 sub
1128 1014 1196 1100 lege

206 1148 468 1228 custodiebantur,
494 1152 738 1235 ἐφρουρούμεθα
766 1148 846 1232 (Gal.
870 1148 924 1213 ΙΙΙ
938 1175 944 1212 :
960 1151 1020 1227 33,
1037 1149 1090 1214 cfr.
1107 1149 1194 1213 Rom.

205 1282 255 1348 XI
291 1311 297 1349 :
333 1284 404 1368 32),
439 1281 521 1346 haud
554 1280 717 1345 dissimiles
753 1280 1196 1366 δοολῳ;οι1ο11111111ιο(1111116

207 1415 421 1503 κληρόοομος,
457 1413 603 1500 quamdiu
636 1419 681 1478 est
715 1422 848 1497 νήπιος,
883 1413 927 1478 sic
950 1414 1042 1479 etiam
1064 1414 1088 1478 ii
1111 1420 1196 1479 erant

206 1548 442 1634 δεδουλωμένοι
464 1551 527 1614 ὑπὸ
552 1552 592 1613 τὰ
616 1555 761 1635 στοιχεῖα
785 1554 840 1613 τοῦ
866 1553 986 1632 κόσμου
1010 1547 1091 1632 (Gal.
1115 1549 1162 1614 IV
1187 1575 1194 1614 ε

210 1684 323 1768 1-3),
359 1705 435 1767 quae
468 1687 540 1745 suut
574 1683 698 1763 οἲσδεοῆ
734 1686 789 1746 nat
816 1688 929 1771 πτωχὰ
954 1683 1008 1765 (vs.
1035 1684 1086 1767 9),
1125 1682 1196 1747 Iure

206 1816 302 1902 igitur
329 1816 379 1880 lex
410 1815 524 1881 dicitur
554 1814 763 1897 παιδαγωγός
795 1814 875 1899 (Gal.
900 1815 954 1879 HI
979 1843 986 1880 τ
1012 1817 1076 1901 34).
1123 1816 1197 1881 Erat

205 1949 396 2035 paedagogus
430 1970 549 2028 servm,
585 1949 639 2033 qui
672 1970 780 2035 pueros
811 1947 997 2013 custodiebat
1028 1954 1059 2014 et
1087 1971 1136 2013 eos
1162 1949 1196 2018 iu

206 2082 322 2147 soholos
355 2082 568 2168 magistrorum
601 2080 740 2147 ducebat.
787 2081 924 2169 Opponit
950 2082 1064 2147 Paulus
1090 2081 1196 2168 paeda-

206 2239 320 2302 gogum
341 2217 439 2304 patri3
463 2216 615 2282 Corinthii
637 2217 750 2282 multos
773 2215 925 2282 habebant
947 2216 1195 2299 παιδαγωγοδς,

206 2350 310 2434 quales
337 2356 422 2415 erant
444 2371 546 2414 eorum
569 2349 720 2430 doctores,
745 2349 798 2414 sed
820 2372 930 2437 paucos
946 2351 1108 2436 ποτέρας,
1124 2372 1196 2435 qua·

171 2545 173 2550 ,
206 2484 268 2548 lem
298 2491 414 2580 patrem
447 2484 513 2568 ipse
547 2506 578 2547 se
611 2483 650 2547 iis
683 2484 835 2570 praestitit
871 2485 901 2568 (1
930 2483 998 2548 Cor.
1023 2483 1071 2548 IV
1096 2512 1103 2547 :
1129 2484 1195 2568 15).

207 2616 234 2682 E
257 2622 322 2681 toto
345 2622 488 2682 contextu
510 2622 633 2704 apparet
654 2617 754 2703 legem
777 2616 828 2681 hic
850 2640 911 2683 uon
934 2640 970 2682 eo
985 2640 1075 2682 sensu
1090 2616 1196 2704 paeda·

208 2771 321 2835 gogum
352 2749 414 2814 diei
443 2755 479 2813 ut
508 2750 645 2814 homines
674 2756 846 2838 praeparet,
876 2751 1033 2833 instituat,
1056 2750 1196 2837 quemad·

208 2883 332 2950 modum
354 2884 445 2949 multi
469 2884 672 2963 contendunt,
697 2884 749 2948 sed
772 2890 808 2949 ut
830 2907 879 2950 eos
904 2885 1071 2966 custodiat,
1095 2908 1197 2971 quem-

208 3017 370 3082 admodum
394 3038 496 3081 servus
517 3039 647 3103 puerum
670 3017 812 3084 custodit.
859 3017 990 3083 Minime
1012 3024 1114 3083 tamen
1135 3019 1198 3105 legi

209 3152 272 3215 vim
294 3149 544 3237 praeparatoriam
566 3149 765 3237 denegamus:
797 3175 869 3216 nam
890 3174 927 3216 ex
949 3151 1039 3217 Pauli
1061 3151 1198 3216 doctrina

209 3308 243 3350 eo
264 3283 408 3349 tendebat
428 3284 483 3348 illa
506 3291 541 3349 ut
562 3284 716 3350 homiuem
728 3291 833 3371 aptum
845 3284 982 3350 redderet
993 3284 1031 3349 ad
1042 3285 1197 3350 meliorem

210 3416 431 3495 conditionem,
454 3416 488 3480 in
511 3438 571 3501 qua
592 3438 655 3480 non
676 3416 807 3503 amplius
830 3439 954 3496 servus,
978 3416 1030 3481 sed
1042 3415 1119 3481 liber
1131 3439 1195 3481 eva-

211 3549 311 3627 deret,
334 3548 486 3632 huiusque
508 3546 691 3612 desiderium
712 3549 746 3614 iu
769 3570 803 3612 eo
826 3549 978 3613 excitaret.

257 3679 359 3755 Τέλος
390 3677 490 3763 νόμον
522 3685 568 3742 est
597 3676 736 3743 Christus
767 3681 866 3763 (Rom.
890 3679 922 3743 X
946 3706 953 3743 ε
978 3681 1029 3764 1),
1056 3680 1107 3744 hic
1128 3679 1198 3744 finis

212 3817 259 3876 est
279 3811 371 3898 legis,
395 3810 434 3875 ad
457 3833 526 3875 eum
548 3811 760 3898 accipiendum
782 3812 832 3876 lex
855 3811 946 3876 etiam
968 3811 1198 3898 hominesprae·

211 3967 313 4032 parare
335 3942 445 4009 studet.
