3025 5275
776 676 816 740 30

303 891 449 955 cumque,
482 865 669 952 (Ἕλληνας,
703 872 734 932 et
755 867 882 933 Iudaeos
915 867 983 953 lege
1006 868 1140 933 Mosatca
1160 872 1291 932 utentes.

302 1003 352 1067 Sic
385 1001 481 1087 igitur
514 999 678 1086 distinguit
705 1001 763 1065 Vir
786 1001 865 1067 Clar.
890 1007 989 1086 cepoe
1014 1025 1032 1066 a
1054 1009 1098 1087 τῷ
1123 1006 1228 1086 νόμῳ,
1253 1006 1290 1065 ut

302 1133 381 1198 illud
402 1132 581 1199 vocabulum
601 1134 751 1219 significet
773 1134 944 1219 generalem
965 1135 1043 1220 legis
1066 1134 1222 1199 notionem
1244 1133 1293 1198 vel

301 1267 378 1353 legis
400 1266 552 1352 regionem
575 1265 612 1330 ab
634 1267 694 1331 alia
715 1266 907 1346 distinctam,
924 1268 982 1331 hoc
993 1267 1092 1353 legem
1106 1266 1289 1346 Mosa'r'cam,

302 1401 394 1464 sicuti
414 1401 481 1487 ipsc
501 1399 539 1465 ab
558 1399 625 1464 aliis
647 1400 768 1486 legibus
787 1406 899 1465 secreta
924 1408 979 1465 est.
1003 1400 1070 1464 Nos
1085 1399 1290 1464 facilecouce·

303 1533 420 1614 dimus,
443 1533 615 1620 saepissime
637 1533 726 1598 Pauli
749 1534 786 1598 de
808 1534 877 1619 lege
900 1534 1152 1620 disputationem,
1173 1532 1293 1617 quando

302 1662 446 1730 vocabulo
470 1670 556 1749 νόμῳ
579 1664 644 1729 sine
666 1666 792 1729 articulo
815 1665 930 1745 utitur,
954 1665 992 1730 de
1011 1688 1192 1751 unaquaque
1207 1665 1292 1750 lege,

302 1797 392 1864 etiam
432 1798 555 1878 morali,
590 1798 704 1878 valere,
741 1822 925 1885 quamquam
959 1799 1057 1885 primo
1089 1798 1155 1862 loco
1189 1798 1290 1884 legem

304 1929 468 1997 Mosaicam
493 1932 640 2019 respexit,
664 1939 785 2012 contra,
809 1932 929 2017 quaudo
952 1931 990 1996 de
1013 1937 1057 2017 τῷ
1082 1937 1169 2016 νόμῳ
1193 1953 1291 1996 sermo

303 2070 362 2145 cst,
392 2065 425 2130 id
459 2071 580 2130 tantum
613 2065 763 2153 pertinere
796 2065 835 2130 ad
867 2065 982 2151 legem,
1017 2087 1077 2153 qua
1098 2064 1205 2130 Iudaei
1228 2070 1292 2129 ute-

303 2195 422 2262 bantur.
469 2196 527 2262 Sed
555 2221 616 2263 uon
647 2221 764 2285 semper
795 2196 884 2262 nobis
919 2197 1039 2262 videtur
1070 2197 1184 2261 Paulus
1210 2197 1294 2282 leges

304 2330 516 2414 grammaticae
546 2330 589 2395 ita
622 2336 759 2395 accurate
791 2329 978 2409 observasse,
1007 2337 1043 2393 ut
1064 2351 1231 2414 numquam
1253 2328 1291 2394 ab

303 2462 360 2557 hac
393 2462 498 2547 regula
531 2461 700 2528 recederet:
733 2469 806 2528 sunt
840 2464 922 2528 enim
951 2462 1027 2541 loci,
1061 2461 1116 2526 ubi
1148 2461 1295 2526 articulus

305 2594 387 2659 deest
408 2599 438 2658 et
460 2600 562 2659 tamen
585 2595 753 2661 secundum
776 2595 924 2682 Hengelii
947 2596 1174 2662 distinctionem
1190 2595 1294 2660 adesse

305 2725 464 2807 debuerat,
499 2727 571 2812 quia
602 2727 647 2792 ibi
679 2728 769 2793 unice
802 2728 840 2794 de
871 2730 939 2815 lege
961 2729 1094 2794 Mosaica
1113 2752 1209 2794 sermo
1234 2733 1289 2794 est.

293 2861 396 2943 'Quod
417 2864 469 2926 vix
491 2862 595 2947 negari
613 2868 713 2949 potest
735 2863 773 2927 de
796 2864 883 2927 Rom.
907 2863 943 2928 ΙΙ
964 2890 971 2928 :
996 2865 1055 2943 25,
1078 2862 1294 2942 27,HI:31,

304 2996 333 3059 V
358 3024 364 3062 :
389 2998 446 3077 13,
472 3000 524 3061 20.
572 2997 657 3078 Quae
691 2997 772 3061 enim
807 2995 978 3082 Hengelius
1012 2993 1225 3059 animadvertit
1256 2991 1295 3056 ad

306 3149 391 3193 suam
424 3128 652 3193 distinctionem
686 3128 778 3193 etiam
810 3127 860 3192 his
893 3127 969 3192 locis
1000 3126 1162 3206 tuendam,
1186 3143 1295 3211 nempe

305 3263 392 3326 Rom.
415 3261 452 3326 Π
476 3289 482 3325 :
509 3264 548 3325 25
574 3284 602 3325 v.
627 3284 653 3326 c.
677 3283 740 3346 nou
764 3283 827 3325 esse
846 3259 1078 3346 intelligendam
1088 3259 1186 3346 ipsam
1195 3256 1295 3342 legem

306 3392 420 3473 Musis,
444 3393 497 3458 sed
518 3386 596 3479 legis
620 3393 704 3458 illius
724 3400 882 3481 praecepta
898 3395 946 3459 vel
970 3400 1098 3474 statuta,
1119 3393 1295 3477 nonmagni

306 3549 369 3591 esse
387 3527 533 3592 momenti
556 3527 685 3592 videtur.
732 3526 888 3592 Habemus
911 3529 962 3594 hic
985 3527 1203 3593 Oltramarium
1226 3548 1294 3590 con-

307 3658 486 3723 sentientem
504 3659 572 3744 qui,
585 3681 767 3744 quamquam
779 3661 918 3741 universe
929 3661 1055 3726 eandem
1066 3659 1295 3725 distinctionem

306 3788 459 3877 probavit,
484 3789 621 3867 concedit
644 3797 745 3855 tamen
772 3793 859 3857 Rom.
882 3793 918 3858 H
941 3822 947 3858 :
967 3797 1007 3858 25
1019 3844 1028 3874 ,
1054 3795 1093 3859 27
1119 3814 1148 3856 v.
1173 3815 1218 3871 c.,
1240 3789 1294 3854 ubi

306 3923 451 3988 articulus
473 3922 573 4003 deest,
596 3928 715 3987 tantum
738 3923 873 4010 intelligi
896 3947 982 4011 posse
1005 3926 1104 4011 legem
1115 3922 1293 4004 Mosa'r‘cam5

307 4022 366 4139 bus
396 4053 433 4119 de
462 4076 511 4133 re,
542 4053 608 4140 ipso
638 4052 756 4134 iudice,
790 4052 922 4120 dubitari
952 4057 1073 4141 nequit,
1097 4076 1191 4140 quum
1214 4056 1296 4141 Apo-

307 4188 402 4253 stolus
424 4186 552 4252 Iudaeos
574 4187 743 4272 alloquatur
759 4186 804 4277 1).

350 4455 377 4528 l)
399 4450 497 4510 Varias
528 4450 597 4529 legis
618 4451 695 4530 apud
716 4450 837 4510 Paulum
859 4449 1076 4528 significationes
1101 4449 1146 4509 his
1166 4451 1296 4511 formulis
