3025 5275
664 678 706 742 43

188 875 294 961 quitur
311 877 342 960 1)
378 896 422 939 vs.
454 876 493 941 21
525 894 604 958 sqq.:
641 872 812 940 alterumue
843 871 948 952 doces,
972 894 1033 939 non
1055 894 1124 938 vero
1148 878 1179 937 te

187 1010 314 1097 ipsum?
348 1009 495 1074 linarisne
522 1008 587 1095 ipse
614 1012 644 1071 et
673 1007 857 1087 moecharis,
891 1030 986 1093 quum
1017 1007 1093 1072 diois
1117 1029 1178 1071 non

188 1165 252 1207 esse
281 1141 443 1208 furandum
471 1163 528 1206 neo
558 1139 802 1205 moechandum?
837 1147 890 1221 tu,
921 1142 974 1226 qui
996 1142 1086 1207 falsos
1109 1142 1178 1206 deos

187 1274 383 1355 abominaris,
419 1276 569 1362 spoliasne
602 1273 752 1359 templum
785 1272 844 1338 tibi
879 1275 1022 1340 sacrum?
1048 1278 1078 1361 2)
1125 1276 1178 1360 qui

189 1411 327 1495 gloriaris
359 1411 445 1497 lege,
480 1410 558 1494 legis
592 1408 830 1493 transgressione
862 1409 962 1474 Deum
997 1408 1179 1474 contumelia

187 1543 305 1608 afficis?
339 1544 432 1608 Porro
454 1541 587 1607 ostendit
609 1541 777 1627 Apostolus
803 1542 858 1626 (vs.
885 1545 1028 1628 25—29)
1055 1542 1180 1607 circum·

187 1675 331 1740 cisionem
364 1697 417 1763 per
450 1697 481 1738 se
517 1674 634 1739 nullam
670 1674 733 1738 vim
756 1673 883 1754 habere,
906 1675 967 1738 nisi
990 1676 1059 1758 quis
1081 1676 1179 1760 legem

188 1807 343 1873 observet:
387 1809 444 1874 liae
489 1808 571 1872 euim
615 1807 755 1893 neglecta
798 1808 853 1872 illa
893 1808 973 1872 nihil
1017 1809 1117 1873 differt
1162 1831 1179 1872 a

186 1943 353 2030 praeputio.
399 1943 441 2007 Et
475 1947 578 2007 contra
611 1942 664 2025 qui
699 1941 892 2029 praeputium
928 1941 1075 2007 habetet
1101 1943 1178 2028 legis

187 2076 337 2141 Moesicae
376 2081 533 2163 praecepta
572 2080 673 2154 tenet,
717 2075 775 2139 erit
815 2075 986 2139 circumcisi
1019 2076 1114 2140 instar
1149 2082 1180 2141 et

188 2233 242 2274 sua
283 2209 362 2295 legis
402 2206 592 2274 observantia
626 2205 777 2272 iudicabit
811 2206 973 2287 Iudaeum,
1007 2208 1084 2292 legis
1117 2209 1178 2273 vio

187 2344 324 2408 latorem.

233 2476 345 2542 Omnia
373 2481 497 2542 externa
524 2476 556 2539 vi
590 2481 692 2540 carent
726 2497 826 2540 coram
855 2476 936 2555 Deo,
971 2475 1024 2560 qui
1059 2480 1178 2541 tantum

187 2610 339 2678 internam
360 2610 456 2675 animi
481 2609 686 2676 conditionem
708 2609 847 2676 attendit.

233 2746 283 2811 Sic
304 2745 427 2825 Iudaei,
451 2745 552 2810 iudice
574 2745 687 2823 Paulo,
712 2744 794 2810 haud
817 2767 877 2810 uno
901 2744 1024 2811 nomine
1047 2744 1086 2809 ob
1103 2744 1178 2809 vitia

185 2880 321 2967 ipsorum
351 2886 436 2945 erant
465 2878 645 2944 accusandi:
677 2885 763 2944 erant
791 2879 873 2943 enim
903 2879 1002 2958 fines,
1030 2877 1177 2957 adulteri,

187 3013 296 3099 templi
316 3014 364 3077 sui
389 3014 582 3099 spoliatoreS,
596 3012 674 3098 legis
686 3012 856 3078 violatores.
888 3013 988 3094 Quam
999 3012 1179 3077 seutentiam

188 3169 248 3232 quo
292 3147 388 3232 magis
429 3148 598 3226 confirmet,
645 3147 742 3212 varios
774 3147 856 3210 locos
890 3146 964 3210 citat
997 3169 1014 3210 e
1047 3142 1085 3210 V'.
1123 3146 1177 3224 T„

188 3303 263 3365 quos
292 3281 382 3345 refert
411 3280 449 3345 ad
475 3281 629 3366 insignem
650 3304 770 3346 morum
794 3280 973 3367 pravitatem
996 3280 1177 3345 Iudaeorum

132 3398 136 3404 ⁸
188 3437 258 3478 suae
281 3413 405 3494 aetatis,
433 3436 616 3499 quamquam
640 3415 731 3479 etiam
754 3414 793 3478 ad
815 3414 928 3478 Gentes
951 3414 1053 3478 referri
1075 3419 1178 3500 potue·

187 3595 368 3615 -nb-——n

228 3712 256 3790 1)
277 3710 366 3769 Nulla
386 3729 483 3769 caussa
504 3730 564 3770 esse
585 3710 696 3771 videtur
715 3711 908 3790 interrogandi
927 3712 1007 3791 signa
1028 3732 1092 3771 cnm
1112 3733 1180 3772 non·

186 3819 274 3879 nullis
296 3818 425 3878 tollendi.

228 3930 257 4003 2)
278 3926 417 4003 Exempla
441 3926 617 4004 spoliationis
638 3927 753 4006 templi,
776 3929 810 3986 ab
831 3928 901 4008 ipsis
922 3930 1029 3988 Levitis
1051 3931 1180 3989 commis·

186 4055 247 4105 sae,
269 4034 364 4094 attulit
384 4035 540 4112 Hengelius
562 4037 598 4094 ad
619 4038 646 4094 h,
668 4037 703 4107 l.,
722 4037 771 4116 qni
785 4038 869 4097 etiam
883 4039 1027 4116 probavit,
1042 4040 1108 4098 ferri
1123 4060 1179 4099 non

185 4163 268 4222 posse
304 4143 459 4203 multorum
496 4144 756 4223 interpretationem
786 4165 844 4207 voc.
881 4153 1030 4228 ἱεροσυλεῖνε
1067 4149 1180 4207 deorum

185 4254 285 4328 templo
314 4255 442 4328 spoliare.
493 4253 593 4333 Neque
626 4255 731 4313 Paulus
764 4256 815 4314 hac
848 4275 914 4314 voce
947 4275 1014 4314 usus
1047 4262 1133 4321 esset,
1154 4257 1178 4315 si

184 4360 298 4420 Iudaeis
323 4361 495 4439 impietatem
519 4361 551 4420 in
571 4362 664 4422 Deum
685 4362 807 4423 obiicere
829 4363 977 4435 voluisset,
998 4371 1029 4424 ut
1050 4364 1180 4424 nonnulli

185 4477 314 4534 nostrum
338 4470 431 4535 locum
452 4470 602 4550 explicant.
