3025 5275
789 675 851 737 llo

371 869 455 935 Hinc
488 869 576 935 nobis
608 868 747 956 apparuit
781 868 891 933 frustra
924 863 1023 932 vera'm
1051 865 1202 930 iustitiam
1231 868 1315 928 extra

326 1003 505 1091 religionem
527 1003 721 1068 christianam
745 1001 860 1088 quaeri.
906 1001 1000 1067 Porro
1021 1001 1152 1066 Paolum
1177 1004 1315 1064 tuentem

327 1137 498 1202 audivimus
530 1136 707 1222 religionem
738 1135 932 1202 christianam
963 1141 1066 1201 contra
1088 1157 1152 1213 eos,
1177 1127 1230 1219 din
1254 1142 1313 1216 τὴν

327 1271 506 1338 ἀνάστασιν
529 1275 672 1357 νεκρῶν,
686 1270 839 1336 cardinem
854 1270 949 1334 totius
961 1269 1140 1355 Euangelii,
1152 1265 1313 1354 negabant.

372 1405 412 1471 In
423 1405 515 1470 altera
527 1405 742 1492 disputationis
753 1411 838 1492 parte
847 1405 976 1491 positive
987 1402 1180 1492 probavimus
1193 1404 1315 1470 δικαιο·

329 1544 430 1624 σννην
464 1544 544 1607 Θεοῦ
572 1537 748 1604 horninibus
770 1561 824 1626 per
845 1537 1002 1604 Christum
1024 1538 1132 1603 offerri,
1178 1536 1316 1635 Primum
1373 1617 1378 1630 „

328 1672 462 1738 vidimus
492 1674 530 1739 de
553 1674 611 1739 Dei
634 1673 747 1759 gratia,
772 1672 821 1737 oni
849 1672 1007 1738 hominum
1032 1671 1160 1737 salutem
1183 1668 1316 1734 tribuen-

329 1806 398 1873 dam
435 1830 498 1873 esse
531 1808 634 1873 docuit
667 1807 792 1873 Paulus.
837 1807 916 1872 Tum
944 1806 1078 1872 diximus
1101 1805 1139 1870 de
1161 1803 1235 1883 fide,
1261 1812 1316 1886 τῆς

331 1944 540 2028 δικαιοσύνης
570 1942 757 2021 conditione,
789 1942 885 2027 deque
909 1941 974 2006 eius
996 1940 1116 2020 indole,
1140 1947 1177 2003 ut
1198 1962 1318 2027 prorsus

328 2074 417 2140 nobis
440 2082 606 2155 constaret,
628 2075 778 2162 quomodo
794 2075 893 2154 Deus,
911 2075 993 2139 salva
1009 2097 1062 2139 sua
1073 2073 1170 2161 ipsius
1181 2072 1316 2153 iustitia,

231 2264 233 2266 .
329 2208 500 2288 hominem,
512 2208 602 2273 fidem
612 2209 647 2273 in
663 2231 698 2273 eo
712 2208 892 2292 habentem,
905 2208 1021 2272 iustum
1032 2208 1172 2302 declaret.
1185 2208 1318 2274 Tandem

330 2342 369 2407 ad
390 2340 546 2407 Christum
569 2341 670 2407 oculos
693 2342 915 2421 convertimus,
938 2341 1075 2406 homines
1100 2340 1320 2437 liberantema

331 2475 405 2561 ingo
425 2474 503 2561 legis
526 2481 556 2539 et
579 2481 769 2562 peccatorum
793 2475 1008 2582 pristinorum,
1033 2477 1086 2561 qui
1110 2483 1260 2564 praeterea
1280 2477 1319 2542 iis
1343 2461 1344 2464 Ἴ

330 2615 434 2676 auctor
463 2616 509 2676 est
536 2610 627 2675 utin
650 2610 714 2674 eius
735 2608 876 2675 societate
899 2616 1021 2698 peccato
1043 2611 1140 2697 magis
1161 2596 1321 2699 magisque

330 2744 542 2809 demoriantur.
590 2743 630 2807 Et
664 2744 690 2806 si
724 2766 828 2807 caussa
864 2743 987 2829 agitur,
1019 2768 1073 2809 cnr
1101 2746 1238 2811 homines
1270 2767 1322 2832 per

331 2876 488 2942 Christum
510 2877 602 2941 huius
626 2877 733 2941 salutis
756 2883 909 2964 compotes
931 2879 1022 2958 fiant,
1042 2879 1175 2944 vidimus
1194 2885 1322 2944 emente

331 3010 421 3075 Pauli
444 3009 599 3074 Christum
621 3033 685 3074 esse
706 3011 835 3075 alterum
859 3011 977 3097 generis
998 3011 1124 3077 humani
1151 3018 1320 3100 parentem,

332 3166 350 3207 a
384 3164 444 3228 quo
474 3143 508 3206 in
531 3164 634 3206 omnes
662 3143 727 3206 eius
750 3150 910 3208 sectatores
933 3145 1051 3209 iustitia
1074 3114 1110 3209 et.
1127 3147 1191 3210 vita
1213 3145 1322 3210 diffun-

334 3243 483 3341 duntur.¹
1064 3238 1069 3250 Ι

380 3408 440 3473 His
481 3409 588 3487 lectis,
631 3433 780 3475 nonnemo
814 3413 937 3475 fortasse
972 3413 1110 3495 quaerit,
1144 3435 1218 3476 num
1251 3412 1323 3476 huic

278 3610 282 3622 ,
336 3542 424 3607 Pauli
462 3541 614 3606 doctrinae
647 3542 746 3607 adhuc
780 3566 834 3607 sua
867 3550 985 3618 constet
1016 3514 1123 3608 viset
1151 3546 1322 3609 auotoritas.
1392 3606 1396 3619 ,

335 3675 377 3739 nt
399 3675 543 3739 continuo
567 3675 691 3760 quidem
715 3678 924 3762 unusquisque
954 3678 1117 3756 concedet,
1141 3676 1220 3741 nihil
1242 3699 1324 3765 prae·

337 3808 465 3888 clarius,
498 3831 554 3872 nec
588 3808 743 3893 religionis
778 3816 902 3874 naturae
937 3809 1035 3895 magis
1066 3810 1246 3875 conveniens
1276 3833 1324 3874 ex-

337 3941 464 4028 cogitari
486 3964 573 4028 posse
596 3965 686 4026 quam
710 3950 823 4007 arctam
845 3942 1099 4007 necessitudinem
1123 3943 1204 4008 iuter
1226 3944 1324 4009 Deum

338 4081 369 4139 et
405 4076 581 4153 hominem,
615 4082 651 4139 ut
683 4077 773 4140 homo
806 4075 901 4141 libere
930 4077 1030 4140 Deum
1059 4081 1215 4161 tamquam
1234 4076 1326 4140 'filius

337 4208 459 4272 Patrem
492 4208 595 4285 adeat,
633 4229 708 4291 quos
741 4208 820 4273 nihil
851 4217 983 4294 separet,
1008 4208 1061 4272 sed
1084 4207 1194 4272 intima
1220 4208 1327 4293 iungat

339 4341 533 4406 consuetudo.
580 4340 638 4406 Sed
684 4340 834 4425 quomodo
879 4342 969 4405 homo
1013 4342 1050 4405 ad
1095 4340 1187 4405 talem
1226 4339 1327 4404 condi-

338 4475 453 4545 tionem
487 4473 657 4562 perveniet,
689 4497 780 4561 quam
811 4474 925 4546 Paulus
960 4473 1075 4539 dixerat
1110 4481 1169 4563 τὴν
1205 4473 1327 4544 δικαιο-
