3025 5275
373 2353 437 2426 'Ad
469 2361 561 2426 finem
591 2359 806 2463 disputationis
830 2364 948 2424 nostrae
970 2379 1066 2444 quum
1089 2354 1329 2443 pervenerimus,

342 2494 447 2581 paucis
478 2493 654 2560 memoriam
687 2498 820 2580 repetere
852 2491 938 2556 iuvat
971 2489 1053 2570 viae,
1085 2509 1176 2573 quam
1202 2484 1331 2572 ingressi

342 2650 456 2694 sumus.
502 2626 618 2708 Nobis,
642 2625 774 2692 Paulum
796 2624 998 2714 Apologetam
1020 2620 1177 2709 religionis
1196 2618 1331 2686 christia·

341 2784 397 2825 nae
429 2782 594 2848 proponere
623 2757 839 2847 cupientibus,
864 2780 926 2823 non
953 2756 1051 2843 magis
1074 2753 1241 2821 sufficiebat
1263 2775 1332 2819 enm

340 2890 444 2957 andire
475 2891 604 2978 positive
629 2914 692 2957 rem
715 2914 801 2957 suam
824 2890 1052 2971 defendentem,
1076 2909 1168 2975 qnam
1193 2886 1331 2976 negative

339 3023 537 3112 probantem,
556 3029 685 3089 meteres
706 3024 869 3111 religiones
890 3023 929 3088 ad
951 3022 1110 3089 hominum
1134 3022 1262 3087 salutem
1280 3044 1330 3108 pa·

340 3179 409 3220 rum
427 3161 512 3243 aptas
529 3177 603 3221 esse.
627 3155 802 3242 Utrumque
817 3161 881 3220 erat
897 3153 1143 3241 coniungendam
1148 3203 1157 3234 ,
1169 3176 1209 3218 ne
1220 3153 1330 3240 Apolo-

339 3296 425 3376 getae
446 3289 575 3376 imagini
602 3288 677 3374 quid
699 3288 825 3355 de'e'sset.
872 3289 986 3354 Paulus
1009 3294 1149 3353 naturam
1172 3287 1330 3374 religionis

340 3420 469 3509 ponebat
491 3422 525 3487 in
550 3422 740 3512 δικαιοσύνῃ
767 3427 865 3502 Θεοῦ,
889 3423 922 3487 in
946 3445 1015 3488 vera
1032 3422 1087 3488 illa
1101 3421 1238 3505 iustitia,
1256 3444 1332 3508 quae

340 3578 439 3620 coram
463 3555 527 3621 Deo
549 3555 710 3644 probatur,
736 3557 990 3643 quemadmodum
1009 3555 1133 3637 Iudaei,
1150 3578 1331 3642 quamquam

339 3690 374 3755 bi
405 3689 522 3755 diversa
544 3689 594 3754 via
617 3712 652 3754 eo
680 3688 848 3755 tendebant
859 3717 868 3770 3
892 3688 1047 3755 Gentibus
1074 3690 1165 3754 etiarn
1188 3688 1245 3754 hoc
1269 3694 1331 3754 erat

341 3846 515 3904 summum,
546 3788 589 3889 ut
611 3832 694 3890 arcto
732 3825 853 3890 vinculo
881 3846 951 3889 cum
974 3823 1044 3889 Diis
1066 3823 1329 3910 coniungerentur.

339 3956 442 4022 Prima
483 3963 567 4045 parte
607 3956 731 4045 probare
777 3958 877 4024 conati
919 3980 1024 4023 sumus
1058 3980 1157 4043 neque
1190 3957 1329 4038 Gentes,

339 4111 439 4176 neque
461 4089 589 4155 Iudaeos
612 4113 676 4157 eam
699 4092 819 4177 assequi
842 4092 985 4180 potuisse.

383 4223 467 4288 Deus
501 4223 653 4289 Gentibus
680 4248 711 4291 se
733 4226 912 4313 patefecerat
935 4226 969 4291 in
991 4233 1116 4305 natura,
1146 4224 1331 4292 conscientia

339 4363 369 4422 et
401 4355 544 4437 historia,
581 4380 618 4423 cx
652 4357 764 4443 quibus
798 4358 935 4425 fontibus
968 4359 1039 4424 illae
1062 4381 1131 4428 eum
1154 4380 1331 4446 cognoscere
1360 4434 1364 4439 .

338 4495 507 4578 potuerant.
532 4492 678 4557 Attamen
699 4490 870 4558 inciderant
891 4493 925 4557 in
949 4491 1151 4560 idololatriam
1171 4502 1201 4561 et
1212 4517 1330 4562 morum
