3025 5275
787 649 830 716 ll

313 850 386 910 runt
422 844 509 910 Rom.
544 844 598 910 ΠΙ
630 872 636 909 :
666 846 809 912 10-18.
867 845 912 912 Hi
942 844 1019 926 loci,
1049 845 1143 912 libere
1173 846 1301 913 eLXX

312 978 411 1058 allati,
433 980 485 1044 Ps.
508 979 586 1045 XIV
611 1005 618 1043 ε
643 982 747 1057 1-3,
776 980 837 1043 V:
865 982 902 1059 9,
926 978 1091 1061 CXde,
1124 980 1184 1046 Ies.
1202 981 1299 1047 LIX:

316 1114 348 1191 7,
374 1115 410 1192 8,
444 1113 496 1179 Ps.
520 1113 661 1179 XXXVI
688 1140 694 1178 :
720 1117 755 1193 2,
787 1114 926 1178 universe
955 1115 1033 1180 hanc
1057 1115 1215 1179 continent
1237 1137 1302 1179 sen·

312 1246 456 1326 tentiam,
487 1247 639 1311 neminem
662 1269 725 1311 csse
746 1246 878 1326 iustum,
904 1269 1007 1311 omnes
1030 1271 1047 1311 a
1072 1248 1137 1313 Deo
1159 1248 1303 1313 defecisse

313 1383 343 1444 et
365 1380 399 1444 in
420 1402 538 1445 morum
561 1380 761 1465 corruptelam
783 1379 937 1445 incidisse.

355 1512 462 1578 Iudaei
494 1512 582 1600 proni
605 1518 689 1578 erant
711 1512 749 1577 ad
775 1518 891 1578 exteros
913 1514 1190 1600 reprehendendos,
1214 1515 1298 1601 parri

311 1645 461 1713 faciebant
504 1646 640 1727 Gentes,
686 1647 804 1712 nullam
854 1670 924 1712 cum
967 1648 1006 1712 iis
1047 1648 1303 1715 necessitudinem

311 1778 479 1859 habebant,
503 1779 615 1866 seipsi
638 1777 676 1843 ab
697 1779 736 1843 iis
760 1778 971 1844 discernebant
992 1786 1028 1845 ut
1051 1779 1145 1845 bonos
1167 1781 1297 1846 amalis.

311 1874 395 1996 Quid
426 1912 521 1977 vero?
565 1933 665 1975 nonne
697 1912 747 1977 his
780 1912 871 1999 ipsis,
906 1934 983 1998 quae
1011 1913 1046 1978 in
1076 1914 1115 1978 iis
1142 1916 1300 2001 reprehen-

312 2045 437 2126 debant,
461 2052 555 2112 semet
565 2046 646 2133 ipsos
658 2044 855 2126 damnabant,
868 2046 982 2133 quippe
992 2046 1074 2111 idem
1085 2047 1252 2113 facientes?
1266 2051 1298 2134 1)

314 2178 411 2263 (Bam.
435 2180 470 2245 Π
495 2207 501 2244 :
527 2181 569 2264 1).
615 2178 772 2245 Iudicium
804 2179 863 2244 Dei
896 2202 1000 2244 verum
1024 2202 1089 2244 esse
1100 2231 1110 2260 ,
1133 2181 1300 2265 unicuique

311 2318 374 2377 erat
406 2314 563 2399 cognitum
574 2344 583 2395 3
620 2313 770 2399 quomodo
804 2314 900 2400 igitur
934 2312 1040 2378 Iudaei
1071 2314 1130 2379 Dei
1152 2314 1302 2379 iudicium

312 2445 499 2531 effugerent?
532 2448 587 2531 (vs.
621 2451 639 2511 2
672 2451 750 2535 sqq.)
787 2448 911 2513 Etenim
941 2470 1039 2512 coram
1061 2448 1127 2513 Deo
1148 2449 1234 2513 nulla
1256 2455 1302 2512 est

312 2579 571 2668 προσωποληψία
601 2582 655 2666 (vs.
680 2584 736 2668 4);
770 2582 854 2647 Deus
876 2583 1043 2668 unicuique
1069 2583 1174 2649 reddet
1196 2606 1301 2650 secun·

312 2713 385 2778 dum
419 2714 483 2778 eius
516 2736 605 2800 opera
629 2715 683 2798 (vs.
710 2719 747 2795 6,
771 2736 848 2799 quae
871 2717 1021 2782 sententia
1045 2718 1111 2782 fuse
1134 2717 1302 2804 explicatur

311 2869 354 2954 vs.
382 2849 500 2933 7-10)
519 2848 562 2932 2).
607 2847 729 2913 Iudaeis
762 2848 878 2935 igitur,
914 2849 967 2934 qui
990 2850 1058 2936 lege
1086 2849 1299 2935 δικαιοσύνην

306 3090 478 3100 w*-

352 3251 383 3324 1)
412 3249 551 3308 Novimus
594 3249 710 3329 quidem
749 3248 784 3307 de
816 3248 970 3307 multorum
1007 3249 1146 3308 sententia
1180 3250 1304 3309 Paulum

309 3376 348 3416 vs
371 3359 468 3415 1-16
490 3377 546 3417 non
567 3358 604 3416 ad
626 3358 746 3417 Iudaeos
767 3377 798 3416 se
818 3364 980 3418 convertere
1001 3358 1051 3416 sed
1075 3363 1122 3417 aut
1144 3359 1180 3418 ad
1203 3378 1302 3419 omnes

309 3461 437 3520 homines
467 3468 515 3521 aut
549 3462 585 3521 ad
617 3463 722 3521 Gentes
751 3462 844 3521 solum
865 3469 913 3521 ant
937 3463 974 3522 ad
995 3463 1115 3522 Iudaeos
1140 3457 1173 3522 et
1189 3463 1303 3524 Gentes.

310 3568 365 3628 Sed
404 3590 419 3628 a
450 3571 793 3647 toteargumentatione,
825 3590 840 3629 e
873 3590 951 3630 more
981 3572 1112 3649 Apostoli
1144 3573 1249 3631 Gentes
1288 3593 1306 3631 a

308 3677 421 3737 Iudaeis
442 3678 648 3756 distinguendi,
662 3697 726 3736 eus.
742 3679 778 3738 17
791 3678 821 3737 in
833 3678 933 3756 primis
945 3679 1027 3738 nobis
1039 3698 1174 3757 apparere
1191 3679 1303 3738 videtur

310 3807 376 3846 eum
397 3787 472 3846 solos
493 3787 614 3845 ludaeos
635 3786 751 3865 alloqui.

351 3895 382 3978 a)
413 3896 512 3973 Nuper
544 3895 669 3972 (Godpcl.
701 3894 867 3971 Bir'drcpem
900 3897 979 3953 1860
1009 3894 1074 3978 HI.)
1107 3896 1175 3954 Van.
1202 3895 1244 3955 W.
1269 3897 1302 3955 H.

309 4025 334 4066 v.
360 4005 388 4064 d.
410 4005 503 4065 Sande
523 4004 685 4063 Bakhuizen
706 4004 737 4062 in
759 4003 882 4063 formula
901 4005 984 4064 Rom.
1004 4008 1043 4064 2:
1060 4009 1094 4076 9,
1115 4009 1149 4063 lo
1165 4010 1193 4064 et
1212 4009 1223 4062 l
1241 4032 1248 4063 :
1269 4009 1301 4063 lo

309 4112 420 4178 leodosio
453 4145 480 4180 τε
510 4127 610 4196 πρῶτον
641 4119 686 4175 καὶ
716 4112 839 4179 Ἕλληνι.
865 4132 924 4173 voc.
945 4126 1045 4195 πρῶτον
1067 4111 1221 4171 delendum
1242 4132 1303 4172 esse

308 4222 424 4282 censuit.
464 4221 579 4281 Etenim
598 4219 741 4298 exipsius
759 4220 895 4279 sententia
913 4219 1086 4300 detempore
1097 4220 1233 4299 explicari
1244 4241 1302 4281 non

309 4336 414 4410 potest,
447 4330 514 4411 quia
544 4331 598 4390 hoc
622 4334 760 4407 pugnaret
782 4349 847 4389 cum
868 4314 950 4389 Rom.
974 4333 1090 4400 9-12‚
1112 4329 1163 4389 ubi
1185 4330 1302 4390 docetur

307 4439 495 4517 Euangelium
526 4437 651 4526 primum
682 4437 819 4501 Gentibus
849 4437 1029 4512 annunciem
1052 4457 1158 4527 neque,
1182 4444 1213 4506 ut
1233 4457 1303 4502 nou·
