3025 5275
668 692 710 753 45

197 884 399 969 quaerebant,
432 906 493 948 non
523 882 690 948 sufficiebat
712 903 762 947 eos
788 881 888 966 νόμον
912 884 1075 968 ἀκροατάς
1100 904 1184 961 csse,

151 1111 154 1116 1
198 1020 251 1084 aed
282 1021 418 1103 ποιηταί
449 1017 547 1103 νόμον
571 1039 634 1082 essa
656 1014 828 1096 debebant,
852 1014 994 1080 omnibus
1016 1016 1081 1080 eius
1104 1036 1185 1101 prac-

199 1151 295 1239 ceptis
316 1151 451 1236 obsequi.
477 1151 524 1236 (11
549 1179 555 1216 :
582 1153 648 1236 13).

257 1285 307 1349 Sic
344 1284 459 1349 Paulus
502 1282 640 1371 probavit
676 1281 830 1347 neminem
869 1282 903 1358 ἐξ
943 1281 1046 1363 ἔργων
1085 1278 1185 1364 νόμον

200 1416 411 1502 δικαιοσύνην
443 1417 585 1500 consequi
615 1415 668 1482 ΙΠ
701 1442 707 1480 :
741 1418 804 1494 20,
837 1394 905 1479 Gal.
929 1414 965 1477 Π
990 1440 997 1478 :
1024 1415 1075 1478 16.
1123 1411 1186 1496 Qui

198 1550 232 1614 in
253 1549 330 1635 legis
353 1548 564 1614 communione
585 1547 749 1635 peccabat,
776 1546 932 1612 constabat
954 1569 1024 1611 cum
1047 1546 1086 1610 ad
1107 1545 1185 1632 legis

198 1704 333 1747 normam
355 1681 522 1747 iudicatum
544 1682 583 1747 iri
610 1683 697 1748 Rom.
720 1682 756 1747 Π
781 1709 788 1747 :
814 1686 867 1747 12.
895 1682 946 1747 Ne
968 1681 1040 1766 quis
1062 1679 1187 1745 obiiciat

197 1813 325 1879 Iudaeos
358 1822 549 1901 peccatorum
583 1837 706 1879 suorum
739 1815 872 1880 accusari
895 1837 958 1879 non
980 1837 1087 1901 posse,
1112 1814 1184 1898 quia

198 1969 235 2012 ex
269 1946 358 2012 Pauli
391 1947 527 2013 doctrina
559 1948 637 2034 legia
675 1948 836 2013 consilium
857 1971 919 2013 non
952 1955 1015 2013 erat
1047 1948 1185 2015 homines

196 2080 294 2144 iustos
312 2080 475 2146 declarare:
500 2081 630 2161 etenim,
647 2104 830 2167 quamquam
845 2082 902 2147 hoc
917 2083 1005 2147 facile
1021 2082 1186 2167 largimur,

198 2214 391 2301 perspicuum
428 2222 491 2294 est,
525 2235 582 2280 'cos
621 2237 654 2279 co
691 2216 795 2280 minus
818 2215 953 2280 excusari
979 2237 1066 2302 posse
1094 2236 1184 2299 qnam

198 2348 330 2428 Gentes,
365 2348 438 2433 qnia
470 2355 587 2436 practer
620 2348 717 2414 fontes
751 2347 863 2433 quibus
885 2349 942 2413 hac
963 2347 1127 2413 utebantur
1149 2346 1189 2411 ad

197 2482 298 2547 Deum
331 2481 594 2568 cognoscendum,
619 2481 771 2547 habebant
797 2482 896 2568 legem
917 2481 1083 2546 Mosaicam
1095 2531 1103 2560 ,
1128 2501 1189 2564 qua

199 2615 308 2680 caeteri
330 2615 436 2703 populi
459 2623 544 2682 erant
566 2616 716 2682 destituti.
730 2616 762 2701 1)

187 2886 372 2896 -ι--ιι-ι--ι--ι

196 3070 267 3130 nulli
297 3069 532 3147 interpretantur,
547 3071 728 3145 pacinianum.
749 3069 805 3130 crr.
826 3069 941 3129 Rom.2
964 3094 971 3127 ι
993 3073 1028 3139 4,
1059 3073 1093 3127 10
1110 3094 1117 3127 ε
1139 3073 1188 3136 ta,

196 3177 258 3238 Gal.
281 3181 296 3235 5
320 3203 327 3236 r
351 3180 383 3247 8,
406 3180 423 3233 8
444 3202 452 3237 =
478 3181 566 3249 18,1
590 3177 654 3236 Cor.
681 3182 694 3239 1
715 3201 722 3235 :
751 3181 796 3237 19.
836 3175 991 3254 Propterea
1006 3176 1113 3235 iudicat
1131 3195 1189 3236 roc.

196 3301 296 3367 πρῶτον
329 3306 345 3344 a
375 3285 481 3345 Iudaeo
515 3285 637 3365 quodam
672 3305 732 3344 ease
769 3285 986 3363 interpolatum,
1025 3284 1102 3364 quod
1134 3303 1190 3344 nou

195 3393 299 3452 factum
320 3412 380 3451 csse
401 3393 517 3453 Ruunt
541 3418 547 3452 :
572 3396 588 3450 9
612 3412 694 3453 namo
716 3393 841 3453 miratur.
863 3394 944 3454 Rom.
970 3398 1002 3453 l:
1020 3398 1053 3452 16
1066 3393 1137 3453 eod.
1156 3394 1186 3453 B.

197 3501 365 3560 vocabulum
386 3515 486 3583 πρῶτον
508 3501 620 3561 omittit.

240 3612 269 3682 1)
300 3608 356 3668 ou.
387 3609 468 3669 Doct.
501 3609 632 3686 Verwijn
676 3609 827 3668 Wacrher'd
855 3610 885 3668 in
915 3611 999 3684 liesde
1030 3609 1104 3669 1831
1136 3608 1186 3667 ΙΠ.

197 3733 259 3792 pag.
305 3717 480 3787 543-561,
527 3733 591 3775 over
625 3715 659 3773 de
688 3715 820 3774 Joodrclra
849 3720 916 3782 wet;
959 3715 1034 3775 1831
1068 3715 1114 3783 ΙΙ,
1158 3715 1191 3773 de

202 3824 257 3882 laer
293 3843 347 3882 aaa
380 3824 486 3883 Paulae
524 3825 553 3882 in
587 3824 675 3901 canpe
709 3823 979 3900 hoofddeakbeeldea.
1020 3825 1097 3881 1888
1129 3823 1189 3894 III,

199 3933 277 3989 1889
301 3930 359 4002 ΙΙΙ,
385 3950 449 4009 pag.
477 3932 544 3992 565.

238 4039 294 4099 cfr.
325 4039 410 4099 etiam
439 4040 516 4100 Disa.
537 4040 709 4119 Theologica
729 4039 810 4100 Doct.
835 4040 998 4100 Humenter
1018 4040 1052 4100 de
1075 4044 1131 4120 lepe
1158 4061 1190 4101 ec

194 4148 277 4206 Pauli
298 4150 448 4219 enuntia,
470 4148 614 4226 Groninga
641 4153 725 4209 1838.

239 4255 337 4341 Nuper
365 4257 436 4316 clar.
460 4257 646 4316 Rauwenhoff
663 4257 881 4337 (Bijbclvricnd‚
908 4262 1001 4328 1860,
1023 4259 1077 4317 Afl.
1100 4258 1190 4334 5-1)

199 4363 312 4441 scripsit
357 4365 409 4437 „de
440 4364 609 4424 menrcbbeid
641 4366 731 4425 buitm
765 4366 889 4426 Obrutus
920 4365 1064 4425 trecondam
1099 4366 1189 4441 Epist.

199 4469 239 4531 ad
258 4471 349 4532 Rom?
