3025 5275
677 676 740 741 115

213 870 409 958 pravitatem3
443 893 543 937 varam
577 870 723 951 salutem,
759 870 972 955 δικαιοσύνην
1009 873 1108 950 Θεοῦ,
1142 892 1203 937 nun

213 1011 391 1071 consecutae
410 1010 497 1071 sunt.

255 1139 379 1205 Frustra
407 1161 527 1225 quoque
556 1138 663 1205 Iudaei
694 1140 728 1217 ἐξ
759 1139 861 1225 ἔργων
892 1142 992 1222 νόμον
1021 1136 1203 1225 quaerebant

212 1274 435 1359 δικαιοσύνην.
459 1273 540 1354 Lex,
564 1295 746 1359 quamquam
768 1272 835 1359 ipsa
851 1269 932 1336 bona
943 1277 973 1337 et
985 1278 1104 1353 sanam,
1118 1296 1200 1359 prae·

210 1407 263 1473 bet
283 1414 453 1473 accuratam
475 1406 590 1496 pcccati
614 1405 837 1492 cognitionem,
862 1428 922 1491 qua
944 1371 1047 1493 pugna
1070 1407 1202 1471 exoritur

210 1542 291 1608 iuter
320 1542 452 1608 hominis
483 1548 585 1628 σάρκα
609 1545 639 1606 et
661 1546 805 1624 πνεῦμα,
830 1545 861 1604 et
883 1539 940 1604 hoc
962 1540 1011 1605 illi
1034 1540 1115 1606 cedit
1121 1570 1130 1623 3
1155 1541 1199 1606 sic

208 1675 287 1762 legis
309 1698 366 1763 ope
386 1681 545 1774 peccatum
566 1697 598 1740 rc
619 1696 688 1739 vera
709 1674 789 1738 vires
808 1672 980 1759 acquisivit.
1005 1674 1047 1739 Et
1061 1663 1196 1755 homini,

210 1810 263 1894 qui
286 1808 428 1875 omnibus
449 1809 527 1894 legis
548 1808 715 1896 praeceptis
739 1807 864 1891 obsequi
888 1806 994 1886 debet,
1016 1807 1067 1873 lex
1077 1808 1199 1873 nullum

210 1943 296 2008 affert
306 1942 345 2007 ad
354 1943 452 2030 ipsam
464 1941 677 2007 observandam
688 1941 908 2008 adiumentum.
925 1943 991 2009 Iam
1007 1965 1086 2023 vero,
1103 1965 1198 2029 quum

208 2099 296 2143 nemo
318 2075 420 2141 omnia
439 2075 518 2162 legis
539 2083 697 2163 praecepta
717 2080 850 2154 teneret,
866 2074 923 2140 sub
934 2075 1012 2161 legis
1024 2078 1198 2142 oeconomia

209 2209 418 2295 unusquisque
436 2215 499 2274 erat
517 2212 580 2276 ὑπὸ
599 2214 759 2295 nutuque.
783 2207 842 2273 Sed
863 2208 1042 2294 neutiquam
1053 2208 1110 2290 hoc
1121 2208 1199 2296 legis

209 2343 373 2412 consilium
402 2349 464 2409 erat
493 2348 528 2409 ut
556 2342 695 2409 homines
725 2350 781 2426 τῆς
795 2342 1018 2434 ,δικαιοσύνης
1043 2349 1195 2431 computes

208 2479 324 2544 fierent.
370 2476 446 2544 Lata
479 2483 525 2543 est
558 2476 596 2542 ad
618 2483 756 2564 tempus,
779 2447 842 2542 rien
863 2476 997 2542 hominis
1019 2476 1199 2576 emendandi

211 2633 332 2693 caussa,
366 2610 419 2679 sed
447 2618 483 2679 ut
505 2635 575 2680 eum
593 2617 781 2700 praepararet
802 2609 841 2675 ad
863 2609 953 2676 aliam
976 2609 1197 2691 conditionem,

211 2770 271 2832 qua
307 2747 398 2812 allata
425 2745 503 2833 legis
536 2714 699 2833 imperium
717 2751 881 2811 vcessaret:
923 2744 993 2829 finis
1025 2744 1104 2831 legis
1137 2731 1200 2810 erat

210 2877 361 2944 Christus.

255 3012 297 3076 Et
314 3011 396 3097 quod
418 3011 456 3076 ad
478 3011 660 3077 Iudaeorum
683 3010 887 3076 conditionem
909 2990 1053 3077 muralem
1071 3011 1197 3091 attinet,

159 3165 162 3171 ’
210 3145 308 3211 multa
346 3145 470 3231 quidem
510 3144 544 3211 hi
583 3145 618 3210 in
652 3142 805 3210 Gentibus
837 3143 1111 3231 reprehendebant,
1146 3145 1199 3210 sed

210 3278 313 3344 eadem
338 3277 483 3343 facientes
517 3300 549 3343 se
580 3278 663 3365 ipsos
697 3275 890 3343 damnabant.
936 3276 1064 3343 Iudaeus
1096 3284 1198 3343 autem

209 3412 307 3476 multo
349 3412 452 3477 minus
497 3412 633 3476 excusari
673 3433 761 3498 posse
794 3432 885 3495 quam
918 3411 1050 3492 Gentes,
1084 3411 1198 3476 Paulus

204 3543 343 3631 probavit
372 3545 521 3609 variorum
533 3594 543 3624 ,
566 3541 679 3628 quibus
704 3543 753 3607 illi
775 3543 825 3608 his
847 3543 1056 3631 praestabant,
1083 3545 1198 3610 iurium
1311 3584 1314 3589 ·

209 3676 498 3742 commemoratione.
556 3675 717 3757 Caussam,
752 3698 806 3741 cur
837 3681 938 3741 totum
974 3698 1069 3762 genus
1093 3675 1198 3741 huma·

208 3833 284 3876 num
316 3816 386 3875 ante
415 3808 572 3874 Christum
603 3808 818 3895 δικαιοσύνην
844 3814 925 3879 Θεοῦ
948 3809 1030 3875 haud
1057 3831 1197 3876 consecu-

208 3953 275 4008 tum
298 3942 356 4023 sit,
383 3942 461 4008 duce
478 3942 592 4023 Paulo,
619 3943 792 4008 invenimus
817 3942 851 4007 in
878 3942 1015 4008 omnium
1037 3942 1197 4008 hominum

209 4098 278 4140 cum
312 4074 431 4139 Adamo
465 4074 699 4141 coniunctione:
729 4098 747 4139 a
776 4074 874 4162 primo
895 4081 1018 4162 parente
1041 4081 1198 4163 peccatum

208 4210 330 4274 transiit
356 4209 395 4274 ad
417 4232 520 4275 omnes
546 4210 611 4274 eius
636 4215 787 4296 posteros;
812 4208 1065 4294 quemadmodum
1086 4209 1121 4273 in
1143 4208 1198 4273 illo

208 4347 245 4408 τὸ
279 4348 423 4432 ψυχικόν
458 4343 570 4431 primas
592 4342 656 4429 egit
678 4349 796 4429 partes,
820 4341 864 4407 sic
886 4343 977 4409 etiam
999 4344 1034 4409 in
1056 4341 1197 4411 omnibus

208 4474 274 4544 eius
295 4474 422 4565 posteris
447 4475 520 4542 huic
543 4479 580 4544 τὸ
604 4480 825 4561 πνευματικόν
850 4476 949 4547 cessit,
