3025 5275
813 678 853 742 80

338 877 443 934 utrum
489 878 517 935 Ι.
563 877 611 936 Χ.
659 870 699 934 sit
733 871 887 956 genitivus
921 869 1088 935 obiectivus
1119 876 1161 936 et·
1181 872 1225 936 ita
1257 872 1328 937 fidei

338 1001 508 1082 obiectum,
542 1026 581 1068 an
614 1025 684 1068 vero
714 1003 919 1083 subiectiuus,
950 1004 994 1067 ita
1025 1009 1061 1067 nt
1090 1003 1173 1069 Dens
1204 1005 1244 1069 sit
1277 1004 1329 1070 ob·

337 1136 467 1215 iectum,
491 1136 743 1221 quemadmodum
767 1136 802 1201 in
823 1136 899 1201 locis
921 1143 1008 1204 antea
1031 1139 1142 1203 citatis.

383 1269 435 1335 Ad
465 1276 600 1334 nostrum
635 1293 732 1355 usque
764 1275 886 1355 tempus
920 1293 1024 1336 omnes
1060 1271 1122 1337 fere
1149 1272 1328 1358 interpretes

206 1425 208 1430 ·
338 1403 533 1469 sententiam
553 1404 626 1468 tuiti
664 1409 736 1468 sunt
763 1404 934 1489 genitivum
960 1414 988 1471 Ι.
1012 1414 1058 1472 Χ.
1082 1405 1152 1470 fidei
1175 1404 1329 1470 obiectum

337 1534 489 1615 indicare,
527 1536 655 1622 ideoque
692 1564 727 1602 π.
768 1545 796 1601 Ι.
837 1546 882 1603 Χ.
914 1560 976 1603 non
1006 1538 1124 1603 differre
1153 1562 1170 1603 a
1200 1538 1330 1604 formula

338 1695 372 1731 π.
410 1673 454 1744 εἷς
482 1676 510 1733 Ι.
535 1675 600 1748 Χ.,
631 1668 700 1734 aliis
727 1668 803 1733 locis
833 1668 932 1734 obvia.
971 1670 1068 1735 Hanc
1092 1670 1272 1735 seutentiam
1294 1670 1329 1735 in

337 1800 436 1888 patria
472 1807 575 1866 nostra
610 1802 644 1866 in
681 1801 790 1887 primis
828 1802 1048 1889 impugnarunt
1078 1803 1248 1889 Hengelins
1260 1853 1270 1883 ,
1295 1806 1327 1889 1)

338 1933 547 2015 Schultenius,
562 1937 593 2019 2)
619 1939 650 1998 et
668 1934 703 1999 in
724 1935 871 2021 peculiari
887 1934 924 1998 de
942 1935 1000 1999 hoc
1018 1944 1197 2022 argumento
1216 1936 1330 2022 disqui-

339 2068 449 2133 sitione
478 2068 655 2154 Berlagius,
674 2071 705 2153 3)
732 2070 786 2154 qui
810 2069 935 2155 probare
957 2070 1057 2135 conati
1079 2076 1152 2135 sunt
1173 2071 1330 2160 antiquam

339 2201 524 2267 sententiam
544 2201 614 2266 ferri
641 2224 703 2266 non
724 2224 812 2288 posse
833 2207 864 2266 et
886 2206 997 2270 πίστιν
1025 2211 1052 2268 Ι.
1076 2212 1121 2270 Χ.
1147 2227 1211 2269 esse
1233 2203 1328 2290 expli·

339 2334 481 2399 candam:
505 2334 612 2414 fidem,
636 2334 723 2399 cuius
744 2335 832 2399 Iesus
847 2334 987 2401 Christus
1004 2343 1109 2402 auctor
1123 2338 1173 2403 sit.
1198 2338 1329 2403 Minime

338 2474 440 2533 tamen
469 2468 511 2554 iis⁴
538 2468 669 2554 contigit
701 2468 842 2535 omnibns
872 2470 1067 2556 persuadere,
1092 2492 1220 2556 quorum
1241 2471 1329 2536 Wer·

337 2602 464 2667 ninkius
479 2604 511 2688 4)
536 2609 657 2669 strenue
679 2626 711 2669 se
733 2603 773 2669 iis
789 2605 948 2692 opposuit,
972 2606 1022 2671 cui
1046 2629 1151 2672 rursus
1173 2605 1329 2693 respondit

338 2736 498 2822 Berlagius
514 2737 559 2824 5).
598 2739 803 2805 Grammatico
821 2746 982 2825 utramque
1005 2741 1187 2806 sententiam
1206 2739 1327 2806 defendi

338 2893 445 2958 posse,
488 2870 525 2936 ab
567 2878 696 2959 utraque
736 2881 821 2960 parte
862 2873 1047 2939 conceditur.
1104 2874 1194 2939 Pauli
1226 2879 1328 2938 autem

338 3003 434 3068 menti
456 3026 564 3070 novam
584 3004 863 3097 interpretationem
874 3007 998 3072 omnino
1011 3007 1184 3086 convenire,
1196 3005 1329 3071 ostendit

338 3136 514 3223 Berlagins‚
539 3140 570 3223 6)
605 3146 672 3202 tum
705 3138 780 3203 locis
819 3139 965 3219 citandis,
1001 3138 1055 3204 ubi
1090 3163 1186 3205 sermo
1218 3145 1264 3204 est
1290 3138 1329 3203 de

338 3270 413 3350 fide,
451 3270 516 3335 Deo
549 3266 673 3349 habita,
707 3271 741 3335 in
775 3272 987 3337 communione
1017 3271 1131 3336 Christi
1164 3269 1196 3360 (η’
1220 3274 1327 3348 πίστις

340 3407 374 3469 ἐν
410 3410 566 3488 Χριστῷ,
604 3403 805 3488 siquidem,
841 3404 923 3490 quod
952 3403 1109 3469 ostendere
1135 3409 1259 3467 conatus
1283 3408 1329 3467 cst

337 3535 378 3601 V.
401 3535 459 3613 D.,
482 3534 555 3600 haec
577 3534 705 3599 formula
726 3535 904 3622 explicanda
926 3544 973 3602 est
993 3536 1067 3601 fides
1088 3537 1123 3601 in
1145 3537 1210 3601 Deo
1231 3537 1330 3624 posita

344 3727 515 3736 m.-

380 3821 410 3904 1)
431 3821 483 3897 Bp.
505 3822 543 3880 od
562 3822 698 3881 Romanoa
722 3824 737 3881 Ι
757 3843 821 3901 pag.
851 3827 908 3884 313
932 3846 1001 3906 sqq,
1024 3829 1091 3886 340.

380 3934 412 4006 2)
432 3932 502 3989 Leer
523 3931 571 3990 der
590 3931 630 3989 H.
651 3930 727 3990 Kerk
749 3931 780 3993 Π
804 3952 867 4010 pag.
891 3935 928 3994 70
952 3953 1016 4014 sqq.

378 4043 411 4115 3)
434 4040 477 4097 De
489 4041 633 4114 formulae
653 4040 787 4099 Paulinae
808 4050 895 4110 πίστις
918 4055 941 4102 Ι.
963 4055 998 4103 X.
1019 4042 1232 4121 aprificatione.

378 4147 407 4227 4)
427 4148 601 4224 Ecepett'scke
621 4148 734 4207 Studien
754 4167 817 4208 over
838 4157 926 4217 πίστις
947 4168 979 4208 en
999 4158 1128 4213 πιστεύειν
1146 4151 1174 4209 in
1188 4151 1234 4209 het
1247 4150 1283 4209 N.
1300 4150 1331 4211 Τ.

380 4259 409 4331 5)
433 4255 542 4331 Godpel.
563 4255 728 4332 Bijdrcpen‚
753 4258 830 4315 1859
857 4255 904 4315 Vl.

379 4364 407 4443 6)
429 4363 484 4422 Cir.
507 4363 537 4421 in
559 4362 631 4442 disq.
654 4363 729 4423 laud.
751 4383 815 4442 pag.
839 4363 966 4426 65-75.
994 4369 1021 4424 et
1048 4365 1157 4443 Godpel.
1178 4366 1331 4445 dercpen

336 4491 401 4551 pag.
423 4474 592 4533 489-502.
