3025 5275
806 644 845 707 56

329 846 398 906 rant
429 843 483 925 (vs.
513 842 578 925 11).
624 836 682 902 Sed
704 836 765 902 iam
791 834 931 901 nonnulli
955 833 1133 899 contendere
1155 837 1318 920 coeperunt

861 937 871 959 ι

331 977 510 1041 ἀνάστασιν
547 976 669 1057 νεκρῶν
707 970 808 1035 locum
842 991 903 1033 non
932 967 1056 1048 habere,
1086 988 1176 1051 quam
1199 970 1317 1032 senten-

329 1107 404 1171 tiam
434 1104 573 1193 pluribus
603 1102 810 1169 commendare
832 1100 1007 1187 expeditum
1029 1106 1102 1165 erat.
1148 1099 1262 1166 Christi
1284 1099 1320 1164 in

329 1241 423 1306 vitain
453 1219 584 1305 reditum
617 1238 651 1301 in
681 1233 810 1300 dubium
840 1255 901 1297 non
928 1231 1093 1298 vocabant:
1128 1231 1319 1316 caeteroquin

331 1371 412 1437 enim
438 1371 551 1435 Paulus
573 1369 646 1433 hinc
669 1388 754 1431 orsus
777 1386 838 1428 non
860 1373 937 1428 esset
959 1364 997 1428 cd
1019 1362 1110 1428 aliurn
1132 1363 1171 1427 iis
1194 1360 1320 1449 proban·

332 1503 417 1582 darn,
453 1525 544 1587 quam
565 1499 724 1587 negabant.
772 1498 826 1562 Eae’
852 1498 886 1562 δὲ
911 1498 1087 1573 ἀνάστασις
1114 1499 1236 1582 νεκρῶν
1261 1495 1319 1559 οὐκ

332 1637 421 1701 ἔστιν
430 1686 439 1714 ,
463 1633 536 1700 οὐδὲ
562 1638 687 1720 χριστὸς
711 1637 881 1717 ἐγήγερται
908 1633 962 1716 (vs.
989 1633 1054 1717 13).
1100 1630 1224 1695 Nititur
1246 1630 1320 1694 haec

332 1766 484 1831 conclusio
524 1765 691 1853 principun,
731 1765 813 1850 quod
846 1764 951 1829 attulit
988 1764 1133 1829 Grotius:
1181 1762 1321 1842 „sublato

332 1922 440 1986 genere
482 1879 616 1963 tollitur¹
639 1906 670 1962 et
710 1897 858 1985 species.''
911 1897 1068 1977 ChristuS,
1110 1898 1176 1985 ipse
1216 1897 1320 1977 homo,

335 2036 389 2118 (vs.
416 2036 468 2119 21)
492 2032 526 2096 in
549 2032 643 2097 vitain
664 2031 761 2097 redire
785 2053 846 2095 nou
868 2030 986 2118 potuit,
1010 2030 1035 2094 si
1059 2030 1167 2095 caeteri
1184 2030 1322 2095 homines

332 2166 366 2230 in
388 2189 453 2231 eam
476 2165 572 2230 redire
594 2172 757 2249 nequeunt.

379 2299 463 2380 Quid
497 2305 597 2363 autern
631 2297 703 2362 inde
736 2299 822 2383 sequi
856 2319 975 2362 necesse
1005 2285 1075 2361 est?
1121 2297 1153 2362 Si
1184 2296 1324 2362 Christus

333 2433 367 2498 in
393 2433 487 2497 vitam
515 2438 668 2497 revocatus
695 2437 841 2510 nonest,
866 2430 1123 2497 concludendum:
1149 2432 1242 2499 κενόν
1260 2455 1323 2496 esse

335 2571 370 2631 τὸ
402 2575 549 2652 κήρυγμα
579 2570 688 2651 ήμῶν,
721 2571 818 2649 κενὴν
854 2571 912 2648 τὴν
937 2567 1047 2631 πίστιν
1071 2568 1159 2652 ὑμῶν
1187 2567 1241 2653 (vs
1268 2567 1321 2653 ld)

334 2707 365 2766 et
386 2705 532 2786 ματαίαν
558 2702 612 2785 (vs.
632 2702 703 2785 17),
726 2722 782 2763 nos
800 2721 864 2763 esse
880 2698 1149 2786 ψευδομάρτνρας
1166 2707 1222 2767 τοῦ
1240 2705 1322 2769 Θεοῦ

337 2837 391 2920 (vs.
410 2836 482 2918 15),
506 2856 558 2898 vos
580 2834 678 2898 adhuc
701 2838 736 2900 ἐν
760 2835 936 2918 ἁμαρτίαις
958 2836 1048 2916 ὑμῶν
1071 2835 1126 2917 (vs.
1142 2835 1215 2918 17),
1235 2855 1323 2920 porro
1369 2912 1374 2919 ⁹

334 2966 504 3053 deperditos
523 2990 587 3031 esse
605 2970 679 3041 τούς
698 2967 921 3051 κοιμηθέντας
943 2970 977 3032 ἐν
999 2972 1116 3053 χριστῷ
1131 2968 1186 3051 (vs.
1201 2968 1266 3050 18).
1279 3005 1324 3015 -

333 3100 462 3164 Paulum
492 3101 581 3164 unice
610 3099 759 3184 cogitasse
786 3099 824 3163 de
845 3098 959 3163 Christi
982 3121 998 3163 e
1021 3098 1157 3184 sepulcro
1179 3120 1324 3163 resurrec-

334 3233 434 3312 tione,
462 3234 514 3296 vix
536 3231 679 3297 credibile
702 3232 831 3296 videtur.
877 3232 991 3296 Verum
1013 3229 1136 3314 quidem
1158 3236 1220 3309 est,
1245 3231 1325 3317 Apo

335 3365 446 3429 stolum
467 3365 500 3428 in
522 3366 619 3451 prima
641 3364 736 3428 nostri
761 3364 869 3450 capitis
890 3370 975 3449 parte
996 3362 1094 3448 ipsam
1104 3384 1282 3427 memorasse
1293 3368 1325 3425 et

335 3496 447 3575 varias,
482 3495 593 3580 quibus
623 3496 762 3561 Christus
791 3495 932 3581 deinceps
954 3494 1112 3581 discipulis
1135 3494 1324 3582 apparuerit,

335 3629 574 3725 opportunitates
595 3629 734 3694 attulisse
759 3630 814 3713 (vs.
838 3630 956 3712 4-8);
981 3628 1033 3692 sed
1053 3628 1207 3713 quaeritur
1221 3635 1323 3692 tomen

334 3784 408 3825 num
429 3761 525 3846 igitur
539 3762 629 3826 Pauli
644 3761 734 3826 verba
749 3761 793 3825 sic
809 3761 952 3848 explicari
967 3767 1119 3847 oporteat:
1143 3762 1169 3825 si
1185 3761 1324 3826 Christus

334 3917 353 3957 a
386 3892 545 3980 discipulis
579 3894 642 3958 suis
675 3901 743 3959 turn
778 3916 839 3958 non
873 3900 1050 3980 conspectus
1080 3900 1142 3973 est,
1173 3916 1250 3958 vana
1278 3900 1324 3958 est

335 4033 434 4092 vestra
463 4027 553 4107 fides,
586 4051 638 4092 vos
669 4028 767 4093 adhuc
790 4029 863 4093 estis
884 4028 918 4093 in
939 4027 1071 4114 peccatis
1094 4026 1200 4090 vestris
1223 4025 1323 4110 iique,

334 4160 388 4244 qui
410 4161 444 4223 in
467 4161 676 4225 communione
696 4161 810 4226 Christi
826 4160 937 4226 mortui
953 4166 1041 4239 sunt,
1058 4182 1110 4246 spe
1125 4159 1323 4225 deciderunt?

333 4292 485 4372 Christus,
527 4316 543 4358 e
573 4294 709 4381 sepulcro
742 4294 901 4381 discipulis
935 4293 1055 4359 obviam
1077 4277 1193 4372 factus,
1217 4315 1320 4358 eornm

333 4425 469 4497 animum
498 4409 670 4493 confirmado
699 4428 818 4517 potuit,
845 4426 898 4493 sed
918 4427 991 4496 hino
1014 4427 1087 4493 fides
1108 4449 1170 4493 non
1193 4425 1305 4523 pendet
1312 4455 1321 4515 3
