3025 5275
668 700 709 762 19

655 917 727 1002 aa.

295 1068 340 1132 ne
367 1067 508 1132 Gentium
532 1066 708 1132 idololatria
731 1076 759 1131 et
782 1088 904 1131 moram
923 1068 1085 1152 pravitate.

241 1288 280 1352 In
314 1288 449 1373 antiquis
482 1286 668 1375 philosophis
702 1309 765 1351 non
798 1286 928 1351 defuisse
960 1287 1014 1372 qui
1047 1288 1132 1352 vanis
1155 1294 1186 1353 et

197 1419 313 1505 argutis
336 1419 600 1506 disquisitionibus
623 1420 856 1501 delectarentur,
879 1427 987 1485 notum
1010 1427 1065 1486 est.
1102 1421 1185 1503 Quot

196 1553 380 1640 syllogismis
390 1554 438 1619 usi
451 1561 523 1619 sunt
535 1552 737 1641 adprobanda
748 1576 792 1634 ea,
802 1553 839 1618 de
850 1552 962 1638 quibus
973 1554 1183 1639 unusquisque

197 1684 373 1750 dubitabat!
408 1675 497 1752 Hanc
515 1687 692 1775 disputandi
711 1689 838 1753 formam
850 1689 963 1752 sensim
975 1688 1183 1774 paulatimque
1259 1651 1263 1656 ·

197 1818 339 1903 cognovit
385 1820 544 1905 profanum
587 1820 697 1906 vulgus
703 1871 712 1901 ,
753 1820 835 1905 quod
872 1821 987 1885 minore
1021 1819 1187 1885 ducebatur

198 1953 260 2016 veri
295 1952 396 2018 studio
429 1976 519 2038 quam
552 1953 593 2033 ii,
628 1954 682 2038 qui
708 1953 776 2017 iure
802 1953 1049 2041 philosophorum
1076 1975 1186 2019 nomen

198 2083 350 2170 gerebant.
408 2085 501 2151 H'unc
542 2085 717 2173 disputandi
755 2108 869 2151 morem
914 2086 1027 2151 Paulus
1068 2085 1188 2171 egregie

199 2218 354 2305 depinxit,
389 2220 442 2304 qui
474 2241 551 2300 non,
589 2226 625 2284 ut
652 2220 797 2284 nonnulli
831 2218 1035 2299 contendunt,
1066 2218 1103 2283 de
1125 2241 1185 2283 una

198 2352 357 2416 hominum
377 2352 556 2432 classe,'sed
571 2352 709 2417 universe
725 2352 763 2416 de
778 2351 929 2417 Gentibus
945 2351 1097 2436 loquitur,
1113 2373 1184 2415 nam
1246 2418 1250 2426 ,

198 2485 285 2549 Rom.
309 2484 328 2549 I
352 2512 358 2550 :
385 2487 444 2564 21,
469 2489 735 2568 ἐματαιώθησαν,
752 2484 805 2564 ait,
823 2488 857 2550 ἐν
874 2492 941 2560 τοῖς
959 2482 1182 2567 διαλογισμοῖς

173 2650 176 2656 ·
200 2620 308 2685 αὐτῶν
318 2669 327 2699 ,
350 2619 421 2684 vani
442 2618 514 2685 iacti
537 2625 609 2684 sunt
630 2619 663 2685 in
683 2615 1066 2696 suis‘ratiocinationibus,
1091 2639 1187 2700 quum

198 2774 261 2816 non
300 2752 431 2839 amplius
471 2754 628 2819 veritatem
662 2764 847 2839 quaererent.
904 2753 1040 2817 Fortasse
1073 2749 1187 2814 Paulus

198 2884 322 2970 respicit
354 2889 460 2970 poetae
492 2883 582 2951 verba
616 2886 677 2971 (Ps.
711 2885 848 2952 XCIV:
875 2887 947 2971 11),
984 2907 1060 2970 quae
1096 2882 1187 2948 etiam

199 3017 303 3081 laudat
337 3015 524 3082 1001]ss
548 3043 554 3082 :
581 3021 642 3084 20:
680 3025 809 3104 ηκιίριος
838 3024 991 3102 γινώσκει
1017 3020 1091 3092 τούς
1116 3016 1188 3081 δια·

200 3149 371 3234 λογισμούς
395 3154 461 3217 τῶν
485 3155 615 3236 σοφῶν,
640 3156 691 3219 ὅτι
716 3157 774 3217 εἰσί
799 3151 968 3238 μάταιοι.”

209 3274 213 3281 ’
244 3285 293 3349 Sic
326 3284 422 3371 igitur
456 3287 630 3369 ἐσκοτίσθη
664 3294 685 3369 η
714 3287 868 3361 α’σ1ίνετος
904 3286 1013 3350 αὐτῶν
1047 3281 1185 3367 καρδία,

199 3416 356 3482 obscurata
386 3423 432 3481 est
455 3418 549 3482 stulta
575 3440 678 3483 eorum
699 3441 795 3483 mens.
842 3417 926 3482 Hinc
948 3421 1069 3480 tantum
1091 3415 1125 3479 in
1154 3436 1185 3477 se

168 3601 171 3607 .
199 3550 274 3636 ipsis
308 3550 486 3637 sapientiam
520 3550 702 3635 quaerebant
734 3556 765 3621 et
798 3551 842 3616 ita
875 3550 962 3614 stulti
1000 3556 1072 3614 sunt
1093 3549 1181 3631 iacti3

200 3688 378 3767 φάσκοντες
391 3676 475 3748 sivae
489 3688 581 3768 σοφοί
596 3689 831 3770 ἐμωράνθησαν
845 3685 960 3749 Romi
973 3711 980 3748 ε
995 3686 1047 3747 22.
1072 3681 1186 3747 Eodem

199 3815 288 3879 modo
311 3814 349 3879 de
369 3816 426 3881 bac
448 3815 523 3880 falsa
545 3817 691 3903 sapientia
712 3818 830 3883 iudicat
856 3821 874 3884 1
899 3817 967 3881 (lor.
990 3816 1109 3894 1:20,
1127 3818 1185 3879 21:

200 3947 271 4032 οὐχὶ
297 3950 461 4032 ἐμώρανεν
484 3951 503 4011 ό
526 3951 604 4022 Θεὸς
627 3954 685 4030 τὴν
707 3950 824 4033 σοφίαν
845 3953 901 4013 τοῦ
919 3953 1037 4030 κόσμου
1051 3951 1167 4011 τοιίτον
1176 3974 1185 4026 3

199 4103 300 4145 nonne
322 4081 406 4147 Deus
421 4080 512 4147 huius
527 4081 636 4145 mundi
652 4080 831 4167 sapientiam
844 4080 967 4144 stultam
980 4079 1062 4158 fecit,
1075 4077 1187 4164 quippe

202 4213 256 4298 qui
279 4213 314 4276 in
336 4212 482 4299 sapientia
494 4236 548 4278 sua
559 4214 660 4278 Deum
672 4234 733 4277 non
745 4212 945 4298 cognoverit?
977 4212 1061 4293 Quid
1075 4212 1188 4277 mirum

200 4348 353 4429 homines,
378 4371 506 4435 quorum
526 4371 611 4414 mens
634 4348 766 4412 stultitia
788 4370 908 4434 prorsus
927 4353 990 4411 erat
1012 4345 1185 4425 obcoecata,

138 4561 140 4567 Ι
199 4481 324 4546 tandem
345 4480 379 4545 in
401 4479 602 4546 idololatriam
623 4477 792 4544 incidisse?
