3025 5275
808 639 847 718 ts

334 844 446 909 cenarii
463 844 546 923 loco,
572 843 625 928 qui
649 842 745 929 exigit
767 843 937 909 mercedem
960 866 1036 928 quae
1058 844 1086 908 ei
1109 843 1248 924 debetur,
1273 844 1327 909 sed

334 983 475 1043 πιστεύει
500 981 552 1043 ἐπὶ
577 982 633 1043 τὸν
658 978 853 1044 δικαιοῦντα
878 983 934 1044 τὸν
958 979 1056 1065 οἷσεβῆ
1082 979 1180 1064 (Rom.
1197 976 1264 1042 IV:
1280 979 1324 1062 5).

334 1117 508 1177 Πιστεύειν
541 1131 611 1174 eum
639 1133 740 1197 praep.
777 1113 831 1175 ε’πί
859 1133 929 1175 cum
955 1110 1125 1175 accusativo
1152 1110 1324 1195 significat:

333 1245 429 1331 fidem
451 1244 547 1309 alicui
568 1243 732 1322 adhibere,
756 1244 934 1331 adicopere,
951 1250 982 1309 et
992 1245 1045 1309 vix
1060 1245 1327 1310 differtamored-

335 1405 383 1445 ειν
426 1401 496 1443 cum
535 1400 636 1465 praep.
679 1384 734 1455 εἷς.
789 1379 930 1443 Permula
967 1385 1070 1444 nostra
1100 1379 1242 1466 proponit
1274 1379 1326 1443 ho

333 1513 449 1577 minem
483 1512 548 1576 Deo
580 1511 771 1577 obedientem
805 1518 837 1577 et
869 1534 901 1576 se
936 1518 1035 1578 totum
1074 1513 1102 1578 ei
1138 1512 1308 1578 tradentem
1315 1539 1325 1592 3

334 1645 420 1710 nulla
453 1651 499 1709 est
532 1667 636 1709 caussa
674 1643 835 1709 dubitandi
869 1668 907 1709 an
947 1645 1030 1710 Deus
1065 1644 1197 1731 impium
1234 1645 1325 1709 etiam

333 1776 456 1864 probet,
490 1777 525 1841 in
559 1800 638 1863 quo,
671 1778 785 1865 quippe
816 1783 1020 1859 πιστεύοντι,
1044 1779 1105 1843 iam
1130 1800 1225 1843 novae
1247 1779 1327 1843 vitae

334 1910 522 1997 principium
543 1911 637 1997 viget.

379 2044 463 2109 Haec
494 2043 661 2109 Abrahami
690 2043 765 2108 fides
796 2065 895 2108 coram
921 2042 986 2109 Deo
1012 2044 1147 2109 iustitiae
1169 2045 1236 2110 loco
1259 2067 1327 2111 ceu·

335 2184 435 2259 setur,
469 2176 636 2259 λογίζεται
672 2179 762 2263 αὐτῷ
798 2182 842 2255 εἷς
879 2179 1103 2264 δικαιοσύνην.
1152 2178 1242 2261 Quod
1263 2201 1326 2243 non

335 2317 455 2375 tantum
478 2310 515 2376 de
537 2333 571 2375 cc
593 2312 692 2390 valet,
718 2310 771 2375 sed
795 2310 832 2375 de
858 2310 1017 2391 omnibuS,
1035 2320 1103 2389 τοῖς
1117 2317 1325 2379 πιστεύουσιν
1355 2274 1357 2278 -

338 2448 390 2509 ἐπὶ
415 2449 471 2512 τὸν
497 2448 669 2531 ἐγείραντα
689 2446 819 2529 Ἰησοῦν
838 2449 894 2512 τὸν
914 2450 1025 2530 κύριον
1042 2448 1132 2530 ἡμῶν
1150 2449 1184 2510 εἰι
1202 2448 1324 2531 νεκρῶν

340 2577 395 2667 (vs.
433 2579 500 2664 24).
559 2577 648 2661 Quod
681 2577 719 2644 ad
754 2584 892 2643 naturam
926 2578 1053 2659 attinet,
1085 2577 1326 2644 Christianorum

336 2708 410 2775 fides
440 2733 502 2775 non
525 2710 626 2776 differt
647 2709 685 2775 ab
708 2710 875 2776 Abrahami
898 2711 974 2791 fide,
997 2718 1101 2777 contra
1126 2713 1160 2777 hi
1182 2712 1327 2778 dicuntur

338 2847 372 2908 εἰι
407 2847 542 2920 πίστεως
576 2845 736 2932 Ἀβραάμ
770 2844 826 2934 (vs.
864 2844 939 2932 16),
973 2850 1107 2910 attamen
1140 2846 1221 2926 Deo,
1254 2846 1325 2911 fidei

306 2948 309 2953 ⁵
336 2976 471 3059 obiecto,
490 2984 647 3064 tamquam
666 3001 780 3043 novum
800 2977 982 3043 attributum
997 2978 1136 3060 additur,
1152 2978 1325 3046 Abrahamo

336 3108 493 3194 ignotum,
525 3131 595 3174 eum
623 3131 732 3195 nempe
756 3108 860 3174 Iesum
883 3132 899 3173 e
922 3111 1049 3174 mortuis
1071 3110 1106 3174 in
1128 3111 1223 3175 vitam
1244 3134 1324 3176 revo-

336 3264 426 3307 casse.
485 3242 548 3324 Qui
591 3243 670 3307 hano
713 3242 804 3308 fidem
848 3241 941 3307 habet
985 3244 1020 3308 in
1060 3244 1141 3325 Deo,
1177 3244 1231 3329 qui
1268 3244 1326 3308 hoo

336 3376 414 3440 facto
443 3374 598 3462 probavit,
629 3376 733 3441 Iesum
764 3399 828 3442 esse
858 3380 930 3442 οἷὸν
964 3381 1045 3444 Θεοῦ
1079 3376 1174 3466 (item.
1198 3379 1247 3444 i:
1272 3377 1324 3467 4),

334 3508 502 3606 necessario
528 3513 627 3572 totum
651 3531 682 3573 se
704 3509 732 3574 ei
754 3509 866 3589 tradit,
889 3532 952 3574 non
974 3508 1127 3590 dubitans,
1150 3510 1227 3595 quin
1242 3510 1325 3575 Deus

233 3642 235 3645 ’
337 3662 408 3705 oum
452 3640 572 3706 Christo
612 3663 735 3721 omnes,
770 3648 893 3728 peccato
928 3642 1117 3722 demortuos,
1151 3643 1190 3707 ad
1227 3665 1327 3707 veram

336 3774 431 3838 vitam
453 3774 599 3838 ducturus
622 3774 663 3838 sit
687 3774 752 3864 (cir.
780 3779 798 3839 2
825 3775 893 3841 Cor.
917 3776 964 3840 Ν
989 3804 996 3842 z
1022 3779 1088 3864 m).

382 3907 469 3972 Idem
503 3907 654 3993 significat
676 3908 843 3994 Apostolus
869 3909 957 3973 Rom.
981 3908 1011 3973 X
1036 3936 1042 3973 :
1068 3912 1105 3989 9,
1131 3908 1235 3973 dicens
1258 3930 1327 3973 eum

338 4041 445 4105 salutis
466 4042 645 4128 participem
666 4043 744 4122 fore,
770 4042 824 4126 qui
846 4063 908 4106 non
923 4047 1044 4106 tantum
1059 4064 1108 4106 ore
1122 4042 1227 4111 Iesum
1241 4043 1327 4128 profi-

337 4180 420 4238 tetur
449 4174 624 4253 dominum,
660 4173 712 4238 sed
747 4174 839 4239 etiam
863 4179 898 4241 ἐν
924 4175 1044 4260 καρδίᾳ
1069 4180 1211 4240 πιστεύει
1236 4178 1286 4239 ὅτι
1311 4179 1329 4239 o‘

340 4312 417 4383 Θεὸς
441 4308 541 4373 αὐτὸν
564 4316 690 4394 ἤγειρεν
709 4311 743 4373 ἐκ
761 4312 897 4392 νεκρῶν.
931 4308 982 4372 Ne
1003 4308 1055 4373 hic
1079 4330 1148 4372 eum
1170 4308 1328 4372 nonnullis

338 4446 383 4528 τῷ
406 4445 569 4506 πιστεύειν
592 4426 746 4505 notionem
770 4439 961 4506 tribuamus:
996 4440 1155 4522 credendi,
1177 4461 1235 4529 pro
1257 4462 1328 4507 cero
