3025 5275
792 699 855 777 100

333 901 389 991 (vs.
426 905 479 991 23)
489 955 498 985 ,
532 927 610 991 quae
643 927 746 970 caussa
779 912 864 970 erant
886 927 940 970 our
961 905 1099 971 homines
1121 929 1139 970 a
1160 905 1225 971 Deo
1247 903 1321 971 iusti

330 1035 434 1101 haberi
456 1060 518 1102 non
539 1044 678 1124 possent3
695 1060 778 1103 nuno
794 1059 873 1118 vero,
888 1038 972 1103 hisee
986 1039 1118 1125 peccatis
1134 1038 1320 1120 condonatis,
1419 1093 1423 1099 .

330 1169 389 1234 Dei
426 1171 524 1255 gratie
559 1172 633 1236 haee
671 1171 863 1257 δικαιοσύνη
902 1171 941 1236 iis
972 1171 1133 1257 contingit.
1191 1172 1322 1238 Minime

330 1304 403 1368 haee
434 1303 656 1388 ἀπολύτρωσις
688 1305 841 1389 significat
867 1304 1102 1386 redemtionem,
1126 1328 1203 1392 quae
1224 1306 1322 1393 pretio

331 1436 473 1501 solvendo
495 1437 531 1501 fit
537 1466 547 1518 ;
570 1460 639 1503 nam
656 1438 714 1502 etsi
735 1438 810 1503 haee
832 1438 952 1525 propria
974 1439 1039 1503 eius
1061 1444 1108 1504 est
1119 1439 1320 1525 significatio,

331 1569 412 1658 apud
452 1570 583 1636 Paulum
623 1593 721 1657 neque
753 1571 824 1652 hio,
858 1592 956 1655 neque
988 1570 1063 1637 alibi
1095 1572 1169 1637 huie
1203 1572 1322 1637 notioni

331 1702 418 1767 locus
441 1708 487 1766 est
503 1704 546 1788 1).

376 1835 515 1901 Christus
534 1859 653 1923 quoque
672 1836 786 1902 dieitur
808 1843 929 1902 auctore
944 1837 1009 1902 Deo
1031 1835 1119 1901 nobis
1142 1837 1239 1902 faetus
1259 1860 1323 1903 esse

332 1968 552 2055 ἀππλῠτρωσις
588 1972 618 2055 (1
650 1970 718 2036 Cor.
742 1971 760 2037 I
784 1999 791 2037 ε
817 1972 890 2056 30),
921 1993 992 2036 nam
1023 1970 1153 2035 traditus
1186 1977 1232 2036 est
1267 1972 1322 2038 διὰ

333 2106 373 2167 τὰ
396 2109 647 2189 παραπτώματα
671 2108 761 2189 ἡμῶν
789 2106 887 2190 (Rom.
912 2105 958 2168 IV
984 2132 990 2169 :
1017 2106 1090 2190 25),
1113 2111 1252 2170 mortuus
1276 2111 1322 2170 est

331 2235 411 2319 ὑπὲρ
442 2235 568 2322 ἀσεβῶν
598 2236 634 2320 (V
662 2263 669 2301 ε
694 2237 745 2321 6),
769 2239 849 2322 ὑπὲρ
874 2238 965 2320 ἡμῶν
992 2238 1046 2322 (vs.
1073 2236 1124 2325 8),
1147 2240 1227 2322 ὑπὲρ
1255 2240 1321 2304 τῶν

247 2383 251 2388 ·
331 2369 500 2452 ἁμαρτιῶν
523 2371 613 2452 ἡμῶν
639 2369 669 2453 (1
693 2366 762 2433 Cor.
788 2367 849 2434 XV
873 2395 880 2433 :
907 2369 938 2453 3)
947 2397 957 2450 3
982 2368 1052 2433 Gal.
1068 2368 1105 2434 Π
1124 2396 1130 2434 :
1149 2372 1189 2434 20
1208 2368 1322 2434 Paulus

332 2498 447 2564 Christi
479 2522 609 2565 amorem
644 2523 714 2588 erga
749 2523 781 2566 se
813 2499 935 2581 laudat,
970 2501 1177 2587 παραδόντος
1201 2506 1320 2568 ἑαυτὸν

332 2636 412 2719 ὑπὲρ
437 2637 523 2720 ἐμοῦ.

377 2769 486 2854 Itaque
508 2775 624 2834 constat
645 2767 801 2834 Christum
816 2769 1035 2856 impedimenta
1050 2768 1229 2850 sustulisse,
1246 2792 1322 2855 quae

332 2901 532 2989 prohibebant
553 2926 592 2969 ne
612 2904 702 2969 homo
724 2902 815 2969 fidem
837 2903 902 2969 Deo
924 2903 1057 2970 haberet.
1092 2901 1253 2969 Liberatus
1276 2909 1322 2969 est

333 3059 351 3100 a
372 3035 449 3122 legis
471 3036 561 3123 iugo,
584 3058 644 3121 quo
665 3036 764 3102 adhue
787 3034 979 3123 premebatur
1000 3036 1054 3102 ille
1076 3042 1107 3101 et
1127 3035 1218 3102 fiebat
1230 3037 1321 3102 etiam

332 3175 368 3234 ut
383 3170 485 3235 servili
500 3171 600 3236 animo
615 3172 715 3236 Deum
731 3171 844 3251 adiret,
860 3177 1015 3255 tamquam
1031 3192 1134 3234 servus
1147 3169 1321 3250 dominum3

329 3301 474 3368 liberatus
507 3309 553 3368 est
581 3304 619 3369 ab
642 3326 731 3369 onere
753 3310 961 3391 peecatorum,
985 3325 1062 3387 quae
1084 3309 1172 3368 antea
1195 3303 1319 3368 sommi·

331 3440 408 3499 serat
415 3485 425 3515 ,
459 3458 596 3521 quaeque
629 3436 657 3500 ei
686 3436 866 3502 iniioiebant
891 3438 1032 3502 timorem
1059 3435 1172 3515 severi,
1200 3436 1321 3521 qualem

332 3569 431 3634 Deum
453 3567 513 3633 sibi
525 3568 735 3656 proponebat,
751 3570 880 3650 iudicis,
901 3593 961 3656 quo
976 3569 1099 3655 quidem
1114 3568 1216 3633 animo
1231 3567 1321 3633 fidem

330 3701 364 3766 in
386 3702 450 3768 Deo
471 3725 581 3788 ponere
602 3725 664 3767 non
686 3709 815 3789 poterat.

371 4167 401 4249 1)
432 4168 488 4232 co.
519 4168 599 4229 Doot.
630 4167 693 4226 Bok
713 4167 732 4231 l.
754 4167 790 4238 l.,
821 4170 871 4249 qui
893 4167 1017 4227 ostendit
1038 4169 1069 4227 in
1090 4169 1218 4227 versione
1239 4168 1322 4231 Alex.

329 4277 440 4355 saepius
459 4282 507 4345 τὴν
530 4283 711 4358 ἀπολύτρωσιν
732 4281 842 4334 tantum
867 4275 1025 4352 significare
1042 4276 1235 4336 liberationem
1250 4277 1322 4355 poli·

329 4385 413 4444 tioam
445 4390 472 4443 et
501 4383 662 4462 religiosam
693 4389 720 4442 et
750 4384 781 4442 in
810 4383 921 4462 seriptis
943 4383 979 4448 N.
1001 4385 1034 4443 T.
1055 4383 1201 4462 propriam
1222 4384 1324 4443 redem-

331 4495 413 4554 tionis
433 4493 578 4554 notionem
598 4513 654 4552 non
675 4511 828 4553 occurrere.
