3025 5275
682 715 722 779 67

131 955 148 1010 ,Α
207 902 291 967 Deus
321 903 475 968 hominem
502 903 625 990 probat,
649 904 766 968 iustum
789 904 881 969 habet
904 912 934 970 et
956 905 1103 987 declarat,
1127 930 1198 993 qua-

208 1041 330 1121 propter
342 1034 455 1100 dicitur
471 1035 616 1116 δίκαιος,
634 1036 760 1114 δίκαιος
778 1041 1004 1104 καθίστασθαι
1020 1039 1059 1124 (V
1069 1041 1140 1124 219)
1175 1041 1198 1124 ),

207 1167 320 1254 probus
349 1169 551 1249 constitutus,
577 1169 611 1234 in
633 1169 797 1257 proborum
822 1170 916 1235 classe
940 1171 1102 1237 collocatus
1125 1195 1198 1239 esse.

211 1300 355 1382 Quaestio
398 1302 516 1389 saepius
557 1302 671 1388 agitata
712 1310 776 1384 est,
821 1309 925 1368 utrum
971 1304 1022 1368 hio
1066 1328 1098 1370 re
1131 1329 1200 1371 vera

209 1435 292 1499 omni
315 1441 437 1521 peceato
458 1436 605 1501 immunis
628 1437 684 1517 sit,
709 1437 791 1522 quod
808 1460 878 1503 sana
893 1439 1083 1524 negandum:
1100 1440 1199 1519 homa,

209 1590 309 1633 eoram
328 1568 392 1634 Deo
411 1570 556 1650 δίκαιος,
580 1570 717 1635 nondum
741 1575 787 1634 est
809 1576 921 1652 ἅγιος,
946 1570 1016 1650 sed,
1040 1577 1077 1635 ut
1098 1578 1201 1658 postea

209 1701 380 1767 videbimus
387 1753 396 1783 ,
428 1707 446 1767 ὁ
476 1707 510 1768 ἐκ
544 1706 679 1780 πίστεως
712 1705 840 1779 δίκαιος
865 1703 899 1766 in
922 1702 1084 1790 proborum
1107 1703 1201 1769 classe

209 1857 227 1899 a
260 1834 324 1899 Deo
358 1834 498 1900 collocati
531 1843 647 1923 potest,
683 1836 755 1921 quia
778 1837 812 1901 in
835 1858 870 1901 eo
894 1836 1080 1924 principium
1102 1837 1199 1918 inest,

210 1967 291 2051 quod
312 1975 416 2054 postea
437 1968 535 2056 magis
557 1969 716 2056 magisque
739 1969 896 2035 exeolitur.

253 2109 412 2192 conditio,
432 2135 492 2197 qua
512 2111 610 2176 utitur
631 2111 1064 2199 δίκαιοςῇεσίδιιιαισσιίιη,
1078 2114 1201 2180 δικαιο-

115 2312 118 2318 ,
209 2249 289 2329 σιίαη
310 2249 402 2325 Θεοῦ,
415 2268 492 2330 quae
503 2245 603 2310 Deum
614 2244 707 2310 habet
718 2251 884 2326 auctorem,
897 2245 934 2310 ab
947 2268 981 2310 eo
992 2246 1201 2333 proficiscitur,

209 2400 300 2462 quam
321 2382 340 2443 ό
363 2382 441 2454 Θεὸς
465 2377 631 2460 λογίζεται
658 2378 716 2463 (IV
740 2405 747 2441 ε
773 2382 811 2458 6,
838 2378 911 2468 11),
929 2378 1200 2464 quaeinaolentior

210 2511 303 2576 dictio
311 2561 320 2591 ,
344 2519 380 2576 ut
401 2511 614 2576 animadvertit
629 2511 801 2597 Hengeliua
809 2562 818 2592 ,
835 2512 908 2576 inde
923 2513 1055 2599 profecta
1070 2512 1200 2592 videtur,

210 2646 291 2731 quod
301 2646 380 2711 infra
392 2646 544 2731 sequitur:
569 2634 597 2734 ᾧ
608 2649 644 2712 σι)
657 2655 698 2732 μὴ
713 2647 884 2733 λογίσηται
898 2654 1018 2734 Κιίριος
1031 2650 1198 2734 ἁμαρτίαν

212 2781 268 2868 (vs.
301 2782 343 2866 8).
391 2782 448 2845 Est
479 2787 634 2866 tamquam
666 2780 768 2867 δωρεά
804 2780 845 2869 (V
877 2808 883 2846 :
917 2782 992 2867 17),
1024 2803 1084 2865 qua
1118 2780 1201 2845 Deus

209 2913 346 2978 homines
380 2913 520 2994 donavit,
556 2915 610 2999 qui
644 2914 716 2978 doni
750 2913 968 2978 abundantiam
999 2916 1072 3002 (τὴν
1096 2937 1200 3001 περισ·

210 3050 300 3113 σείαν
332 3055 387 3130 τῆς
416 3047 565 3133 δωρεᾶς),
589 3048 676 3112 cuius
699 3070 803 3112 caussa
826 3053 872 3111 est
894 3046 1009 3133 gratia,
1033 3046 1199 3135 accipiunt.

209 3180 282 3244 Non
317 3186 363 3244 est
396 3180 478 3265 quod
511 3179 802 3259 animadvertamus,
839 3180 888 3245 his
922 3178 1022 3245 verbis
1044 3180 1201 3267 perspicue

210 3310 297 3376 nobis
330 3311 464 3377 indolem
498 3335 584 3377 verae
615 3312 752 3376 iustitiae
788 3311 931 3399 depingi,
956 3318 1104 3396 quatenus
1126 3312 1200 3385 haee

210 3444 390 3511 Iudaeorum
414 3447 605 3536 δικαιοσύνῃ
634 3451 679 3510 est
701 3445 849 3532 opposita.

209 3753 264 3812 cfr.
290 3754 400 3831 θσιίσιί.
421 3752 572 3830 Ba‘jdraqea
593 3756 702 3828 (1860,
726 3752 740 3810 Ι
761 3771 826 3830 pag.
850 3756 919 3828 83):
943 3771 1027 3824 „men
1052 3752 1119 3812 doet
1140 3752 1201 3812 der·

209 3861 290 3921 halaa
321 3862 374 3920 ook
407 3861 465 3920 niet
495 3861 568 3938 good
599 3862 640 3921 ala
672 3879 737 3920 men
768 3860 880 3939 spreekt
899 3880 952 3919 van
972 3881 1025 3919 eeu
1044 3867 1124 3920 aetus
1146 3860 1200 3919 Dei

210 3970 411 4028 declaratoriua
438 3970 468 4028 in
493 3968 729 4046 ondersoheiding
751 3987 803 4027 vau
825 3987 876 4027 een
898 3973 977 4027 actua
998 3968 1052 4026 Dei
1066 3968 1203 4045 efficiam,

209 4085 283 4137 want
311 4077 460 4137 daarmede
481 4079 662 4137 verlooehent
683 4096 748 4136 men
769 4078 818 4137 het
838 4077 933 4136 zuiver
953 4075 1203 4154 anthropologiaeh

208 4183 338 4244 karakter
358 4186 409 4245 der
429 4183 754 4263 regtvaardigingaleer.”

252 4294 279 4372 1)
299 4294 409 4353 Futuro
434 4302 684 4361 κατασταθήσονται
710 4296 861 4369 propterea
882 4290 969 4349 utitur
991 4290 1111 4361 Paulus,
1138 4289 1205 4369 quia

209 4408 321 4480 tempus
351 4401 473 4470 indicat,
503 4421 559 4481 quo
583 4407 607 4462 οἱ
629 4406 723 4462 πολλοὶ
746 4419 798 4478 per
819 4400 924 4459 Christi
948 4404 1065 4466 ὑπακοὴν
1088 4398 1117 4457 in
1139 4417 1204 4478 pro·

206 4486 311 4570 iaorum
333 4511 422 4570 olaaae
442 4509 572 4571 collocati
593 4516 695 4571 essent
