3025 5275
796 627 836 692 26

322 828 433 887 πάντα
455 827 588 907 τρόπον.
634 823 776 907 Πρῶτον
795 822 855 903 μὲν
876 822 990 906 γὰρί),
1005 823 1309 907 terratenusque

323 958 363 1019 τὰ
383 952 478 1035 λόγια
498 960 553 1020 τοῦ
571 957 663 1021 Θεοῦ.
711 953 756 1018 Ut
768 952 903 1039 saepiuS,
916 953 1030 1018 Paulus
1041 954 1155 1019 fervore
1166 955 1310 1021 orationis

321 1086 360 1151 ad
392 1086 482 1151 aliam
516 1085 721 1171 quaestionem
755 1085 883 1164 transit,
916 1085 961 1149 ita
989 1092 1024 1149 ut
1053 1087 1164 1152 frustra
1186 1111 1310 1174 quaeras

323 1222 436 1287 ἔπειτα
468 1221 503 1286 δέ
534 1220 670 1285 similene
705 1219 798 1305 quid,
823 1217 904 1303 quod
925 1218 1069 1283 vocabulo
1098 1224 1225 1306 πρῶτον
1249 1224 1309 1306 μέν

321 1352 508 1440 respondeat.
531 1352 638 1418 Minus
648 1358 729 1417 recte
740 1352 903 1417 nonnullos
916 1357 955 1418 τὰ
970 1352 1064 1435 λόγια
1077 1355 1310 1421 Nominativum

232 1507 247 1536 ν
321 1485 405 1552 verbi
436 1491 675 1573 ἐπιστεύθησαν
698 1485 859 1562 habuisse,
882 1507 986 1550 omnes
1008 1487 1186 1575 interpretes
1208 1512 1316 1555 conce·v

322 1620 413 1701 dunt,
451 1619 721 1686 animadvertentes
756 1618 874 1705 saepius
909 1618 1052 1700 verbum,
1088 1605 1224 1688 dativum
1245 1647 1311 1711 per·

322 1777 411 1819 sonae
454 1760 485 1820 et
529 1754 733 1820 accusativum
772 1753 816 1818 rei
854 1774 975 1838 regens,
1016 1753 1050 1817 in
1085 1755 1204 1840 passivo
1232 1756 1311 1821 hanc

320 1910 477 1975 personam
510 1886 680 1956 subiectum
709 1885 829 1951 habere.
875 1885 998 1950 Praeter
1026 1886 1100 1951 haec
1133 1886 1229 1969 λόγια
1251 1896 1307 1956 τοῦ

323 2023 403 2088 Θεοῦ
425 2021 512 2085 Rom.
536 2019 585 2084 IX
609 2045 616 2082 :
641 2021 662 2085 4
687 2016 713 2102 2)
737 2017 777 2082 iis
799 2014 928 2083 tribuit:
953 2027 1012 2101 τὴν
1036 2021 1227 2104 υἱοθεσίαν,
1248 2028 1307 2105 τὴν

320 2152 439 2232 δόξαν,
464 2157 522 2228 τὰς
547 2152 731 2236 διαθήκας,
756 2157 816 2234 τὴν
838 2153 1050 2234 νομοθεσίαν,
1065 2158 1124 2237 τὴν
1139 2152 1306 2239 λατρείαν,

321 2289 378 2363 τὰς
403 2283 619 2368 ἐπαγγελίας,
645 2284 683 2348 de
707 2281 820 2368 quibus
843 2283 1023 2368 singulatim
1044 2284 1244 2352 monebimus.

364 2420 503 2485 Primum
526 2419 622 2505 igitur
643 2417 839 2496 beneficium,
866 2441 884 2481 a
906 2416 971 2481 Deo
993 2417 1116 2483 Iudaeis
1139 2420 1308 2502 tributum,

320 2554 354 2618 in
377 2575 411 2618 eo
433 2554 566 2617 cernitur
589 2552 670 2639 quod
691 2551 731 2616 iis
754 2573 893 2616 concessa
915 2557 987 2615 sunt
999 2550 1088 2617 verba
1099 2553 1175 2634 Dei,
1190 2513 1310 2620 oracula

321 2686 441 2766 divina,
462 2686 496 2750 in
518 2685 625 2772 primis
629 2735 639 2765 ,
664 2691 699 2749 ut
718 2691 877 2751 contextus
893 2684 998 2766 docet,
1014 2687 1158 2753 Messiam
1174 2696 1309 2775 spectan-

320 2820 373 2884 tia.
421 2820 521 2901 Quam
543 2818 618 2884 falso
639 2822 739 2905 patres
759 2818 900 2884 nonnulli
919 2818 1018 2904 legem
1038 2820 1199 2886 Mosai'eam
1220 2821 1309 2885 intel-

320 2952 464 3032 lexerint,
489 2958 596 3039 sponte
616 2958 749 3039 apparet.

365 3086 471 3152 Fidem
490 3086 548 3151 Dei
570 3107 630 3150 non
652 3085 738 3163 tolli,
763 3084 815 3148 sed
838 3086 1006 3150 confirmari
1028 3108 1062 3150 eo
1074 3085 1155 3171 quod
1167 3085 1309 3150 nonnulli

320 3222 444 3286 fortasse
475 3220 525 3285 his
553 3219 708 3306 promissis
739 3220 830 3284 fidem
862 3241 923 3284 non
946 3217 1136 3299 habuerunt,
1162 3219 1234 3304 quia
1256 3241 1310 3305 spe

320 3354 424 3440 regni,
456 3377 474 3418 a
505 3353 620 3419 Mesaia
656 3352 879 3432 constituendi,
915 3360 1000 3417 erant
1026 3351 1187 3433 destituti,
1210 3374 1310 3437 neque

315 3543 501 3555 —cnn--u-—t

361 3669 390 3742 1)
410 3665 580 3726 Particulam
600 3673 653 3747 γάρ
670 3665 866 3725 Lachmannus
883 3667 917 3725 al.
936 3666 1091 3725 reiecerunt
1106 3686 1171 3726 cum
1190 3666 1225 3726 D.
1233 3667 1265 3724 Il.
1275 3667 1311 3725 G.

319 3782 346 3835 et
377 3794 446 3833 vers.
479 3775 555 3851 Syn,
586 3774 648 3833 Ital.
677 3780 705 3832 et
724 3774 853 3852 Vulgata.
896 3775 1125 3836 Tischendorfius
1146 3794 1208 3834 eam
1229 3779 1310 3834 antea

318 3883 449 3942 reiectam
470 3881 501 3941 in
521 3881 620 3940 ultima
642 3881 774 3941 Editione
795 3883 926 3943 restituit.
957 3885 992 3942 Iu
1010 3883 1079 3942 God.
1095 3884 1156 3942 vat.
1169 3882 1310 3942 omittitur

318 4011 371 4052 sec.
394 3990 438 4050 ed.
459 4009 531 4069 quae
549 3994 735 4067 procurarunt
756 3989 810 4048 riri
831 3990 873 4049 cll.
901 3997 932 4049 Α.
944 3991 1064 4050 Kuenen
1081 3990 1148 4050 etC.
1165 3992 1199 4050 G.
1211 3990 1311 4060 Cobet,

317 4097 409 4176 Lugd.
431 4097 492 4156 Bat.
517 4100 601 4156 1860.

360 4208 388 4286 2)
409 4205 569 4290 Iudicantes
593 4204 639 4264 hic
658 4203 778 4263 Paulum
793 4204 946 4264 orationem
957 4224 1035 4263 suam
1047 4204 1177 4284 persequi
1192 4205 1308 4264 caeteris

316 4312 486 4373 Iudaeorum
505 4311 663 4390 privilegiis
682 4311 819 4382 citandis,
834 4311 950 4371 minime
963 4312 1159 4373 contendimus
1171 4332 1230 4395 cap.
1242 4317 1259 4371 9
1271 4339 1277 4371 :
1290 4317 1308 4372 4

317 4422 432 4483 demum
454 4420 602 4505 Apodoain
624 4420 768 4484 contineri.
