3025 5275
784 662 847 727 102

323 858 405 943 quod
425 856 591 925 necessario
614 856 676 922 vim
698 854 790 922 habet
811 853 845 920 in
869 854 1050 921 Christianis
1069 857 1248 939 salutarem,
1269 856 1314 924 ita

267 994 274 1001 ’
325 1000 360 1059 ut
381 993 419 1059 ad
441 992 531 1059 fidem
552 991 617 1057 Deo
638 989 808 1055 habendam
831 990 895 1076 apti
917 988 1090 1056 reddantur.

368 1128 395 1192 1.
430 1125 465 1194 O.
500 1127 533 1191 in
567 1126 622 1191 hac
656 1131 734 1190 terra
767 1124 825 1189 Dei
859 1123 1025 1209 imaginem
1059 1148 1134 1213 pure
1157 1132 1189 1190 et
1212 1133 1314 1191 sancte
1363 1154 1365 1160 ¹

323 1260 438 1327 retulit.
483 1259 558 1324 Tota
580 1258 644 1323 eius
667 1258 730 1323 vita
751 1257 817 1322 Deo
839 1262 909 1321 erat.
921 1256 1037 1338 dicata,
1051 1258 1101 1323 cui
1113 1281 1230 1347 semper
1243 1259 1311 1326 obe-

325 1393 427 1460 diebat
451 1395 547 1480 (Rom.
572 1392 600 1455 V
622 1420 629 1457 :
656 1393 709 1477 19)
734 1413 830 1476 usque
851 1390 889 1456 ad
901 1391 999 1456 crucis
1011 1397 1138 1457 mortem
1152 1393 1218 1479 (111.
1230 1393 1313 1460 Phil.

324 1528 360 1593 H
385 1555 391 1593 ε
418 1530 461 1613 8).
508 1527 700 1610 Quamquam
731 1528 765 1591 ἐν
797 1527 977 1609 ὁμοιώματι
1009 1529 1125 1610 σαρκὸς
1149 1528 1313 1612 ἁμαρτίας

327 1661 424 1746 (Rem.
447 1659 531 1724 VIII
554 1686 562 1724 :
588 1659 638 1743 3),
662 1663 698 1722 ut
721 1656 830 1722 caeteri
852 1656 1007 1738 homines,
1032 1659 1096 1723 eius
1119 1660 1197 1745 σάρξ
1220 1665 1314 1726 πνεύ-

323 1819 404 1880 ματι
438 1816 498 1860 non
531 1788 714 1879 imperabat,
739 1789 791 1854 sed
816 1797 920 1855 contra
945 1791 972 1856 ei
995 1798 1058 1857 erat
1080 1790 1231 1872 subiecta,
1255 1792 1314 1857 Dei

325 1927 435 2015 spiritu
468 1948 584 2013 semper
616 1922 791 1988 ducebatur.
846 1923 922 1989 llius
954 1932 1087 1990 mentem
1116 1925 1314 2011 animumque

325 2061 439 2126 Paulus
471 2060 636 2144 unicuique
669 2058 806 2145 exemplo
835 2058 991 2145 proposuit
1015 2060 1054 2145 (1.
1070 2058 1139 2126 Gor.
1162 2060 1197 2125 H
1222 2089 1228 2126 :
1254 2063 1314 2140 16,

325 2194 407 2260 Phil.
431 2194 467 2259 H
492 2221 498 2258 :
527 2196 569 2279 5).

369 2328 548 2406 Peccatum,
583 2333 617 2389 ut
638 2347 757 2390 omnem
781 2330 920 2390 naturam
942 2325 1122 2408 humanam,
1145 2327 1189 2391 sic
1210 2327 1314 2415 ipsum

326 2485 445 2548 quoque
467 2460 587 2526 allicere
603 2458 786 2536 conabatur;
802 2459 1030 2525 acerbissimum
1046 2467 1197 2526 certamen
1212 2467 1316 2527 contra

325 2602 483 2685 peccatum
515 2595 543 2661 11
573 2593 741 2660 111111111111111
772 2598 852 2675 erat,
882 2592 935 2659 sed
966 2616 1081 2682 semper
1104 2594 1260 2662 11111111
1280 2619 1316 2663 1ο

325 2730 449 2817 prodiit.
494 2730 567 2795 Non
590 2734 653 2795 erat
674 2729 836 2814 ἁμαρτίας
865 2728 1017 2806 διάκονος
1043 2729 1123 2815 (Gal.
1149 2730 1185 2795 H
1209 2758 1216 2796 :
1242 2731 1315 2817 lt),

327 2861 392 2948 ipse
424 2866 582 2948 peccatum
615 2881 677 2924 uon
708 2857 851 2945 cognovit
882 2860 913 2944 (2
937 2857 1005 2925 011.
1029 2860 1058 2923 V
1083 2888 1090 2926 ι
1116 2862 1193 2947 21),
1217 2861 1244 2927 ei
1267 2861 1317 2927 de·

328 3000 465 3059 mortuus
510 3000 556 3058 est
597 2993 641 3057 ita
674 2998 709 3057 ut
741 3013 830 3057 omne
865 3015 954 3058 suum
988 2993 1149 3080 imperium
1179 2995 1213 3060 in
1247 3018 1316 3060 eum

328 3127 462 3193 amiserit
496 3129 651 3215 (ἁμαρτίᾳ
685 3127 857 3193 ἀπέθανεν
881 3127 968 3193 Rom.
992 3127 1040 3192 VI
1064 3155 1071 3192 ε
1097 3130 1150 3213 10)
1177 3130 1220 3213 1).
1266 3129 1316 3194 Sic

328 3261 411 3327 Deus
432 3284 485 3349 per
507 3284 578 3326 eum
599 3267 756 3349 peccatum
779 3261 813 3326 iu
836 3283 924 3326 carne
944 3262 1086 3341 humana,
1098 3261 1317 3347 inquasedem

328 3419 414 3461 suam
436 3395 581 3461 collocare
603 3395 696 3475 solet,
716 3394 879 3460 damnabat
897 3401 928 3459 et
946 3395 990 3460 ita
1001 3395 1168 3481 uuicuique
1178 3395 1317 3482 exemplo

370 3815 397 3893 1)
417 3813 536 3874 Nullam
564 3833 691 3873 caussam
721 3814 849 3874 videmus
870 3835 919 3879 cur
940 3817 1089 3877 formulam
1114 3827 1232 3902 ἁμαρτίᾳ
1252 3827 1315 3881 ἀπέ·

325 3933 406 3987 &aare
427 3922 474 3982 hic
493 3921 573 3980 aliter
593 3922 767 4000 explicemus
788 3929 872 4003 atque
891 3944 911 3983 s.
938 3927 971 3995 2,
992 3930 1024 3984 ut
1044 3925 1127 3985 multi
1142 3910 1317 4005 interpretes,

326 4031 375 4110 qui
407 4051 429 4090 s.
463 4035 498 4088 10
519 4031 755 4109 interpretantur:
778 4037 905 4092 mortuus
926 4038 968 4092 est
990 4040 1020 4093 ut
1042 4040 1155 4112 peccata
1176 4035 1317 4113 expiaret.

326 4139 371 4197 vel
398 4143 430 4197 ut
450 4158 569 4215 poenam
590 4139 696 4217 peccati
717 4141 822 4212 lueret,
844 4145 942 4201 contra
963 4161 983 4202 s.
1008 4146 1043 4201 2:
1069 4148 1183 4220 peccato
1205 4144 1316 4204 demor-

328 4253 393 4305 tuus
424 4253 474 4306 est.
525 4248 564 4306 Ut
596 4246 724 4308 Christus
756 4248 844 4307 semel
874 4255 989 4326 peccato
1011 4250 1174 4310 demortuus
1197 4256 1254 4323 est,
1276 4254 1317 4311 sic

325 4374 422 4416 omues
452 4353 513 4414 eius
544 4361 694 4417 sectatores
724 4357 1318 4423 1111111111111111111111111111τὶ11111

325 4469 507 4529 1111111111.
