3025 5275
748 599 996 716 94⁴..

280 851 346 909 cata
386 845 443 911 sub
483 831 551 932 lege
585 851 719 932 patrata,
754 844 1009 930 quemadmodum
1032 843 1159 910 'Gentes
1191 842 1269 929 legis

279 977 401 1042 moralis
441 978 508 1042 voci
547 1000 609 1043 non
642 977 938 1065 obtemperaverant,
974 977 1018 1042 sio
1051 977 1158 1043 Iudaei
1191 976 1278 1062 legis-¹

279 1132 350 1174 suae
382 1118 540 1199 praccepta
572 1134 635 1177 non
668 1110 915 1192 observaverant,
949 1134 1053 1176 eorum
1085 1116 1208 1197 peccata
1236 1109 1271 1174 in

279 1242 343 1307 diss
367 1249 537 1323 creverant,
559 1244 604 1309 ita
626 1251 662 1309 ut
676 1268 805 1333 poenam
819 1245 956 1310 divinam
971 1245 1124 1310 timerent.
1155 1243 1277 1309 Omnes*

278 1380 490 1459 peccaverant,
513 1395 602 1439 nemo
624 1379 687 1439 erat
708 1374 810 1439 iustus
834 1397 932 1440 coram
955 1376 1030 1441 Deo.
1064 1375 1104 1440 In
1127 1374 1183 1439 tali
1197 1396 1269 1446 ,con-

280 1506 395 1572 ditione
409 1507 500 1573 fidem
510 1508 576 1574 Deo
586 1507 696 1574 habere
706 1532 769 1576 non
779 1516 928 1597 poterant,
940 1533 1032 1596 quem
1042 1511 1156 1575 iratum
1167 1508 1205 1575 ob
1217 1533 1277 1575 sua

279 1648 401 1727 peccata
419 1640 479 1707 sibi
501 1641 717 1731 proponebant.
764 1644 809 1709 Ut
830 1642 926 1709 libere
949 1666 1018 1709 eum
1037 1643 1173 1724 adirent,
1196 1666 1271 1730 opus

280 1779 343 1838 erat
364 1780 400 1838 ut
421 1775 643 1841 misericordiae
665 1776 785 1841 divinae
798 1775 987 1849 conscientia¹
993 1777 1027 1842 in
1039 1777 1079 1841 iis
1091 1740 1271 1842 eicitaretur

247 1949 249 1952 -
279 1906 399 1993 ipsique
419 1915 499 1972 certo
518 1910 657 1974 certiores
668 1911 774 1975 fierent
784 1911 885 1976 Deum
897 1934 958 1976 non
970 1917 1126 1997 tamquam
1137 1910 1271 1975 iudicem
1293 1953 1300 1966 ·

278 2061 417 2106 severum
449 2041 584 2129 ipsorum
606 2049 728 2130 peccata
749 2044 877 2130 punire,
901 2043 954 2108 sed
976 2050 1132 2130 tamquam
1154 2048 1270 2130 patrem

278 2172 459 2240 benevolum
502 2199 536 2241 ea
569 2178 730 2264 praeterire
765 2183 795 2242 et
829 2177 1006 2243 condonare.
1065 2176 1155 2259 Quod
1187 2176 1270 2241 Deus

280 2307 361 2372 salva
383 2330 437 2374 sua
459 2308 556 2396 ipsius
578 2310 698 2376 iustitia
719 2311 837 2398 peregit
861 2312 916 2379 διὰ
940 2319 995 2395 τῆς
1014 2310 1270 2397 ἀπολυτρώσεως

279 2449 335 2523 τῆς
359 2443 393 2506 ἐν
418 2448 553 2527 Χριστῷ
577 2449 691 2527 Ιησοῦ,
715 2447 753 2511 ὃν
771 2413 931 2531 ττροέθετο
947 2450 965 2511 ό
984 2450 1062 2522 Θεὸς
1080 2433 1267 2531 ἱλαστήριον
1315 2495 1317 2498 ψ

280 2571 335 2637 διὰ
369 2582 425 2658 τῆς
461 2576 597 2653 πίστεως
634 2580 668 2644 ἐν
705 2583 749 2664 τῷ
774 2577 873 2644 αὐτοῦ
897 2580 1031 2664 αἵματι,
1057 2582 1101 2655 εἰς
1127 2576 1268 2655 ἔνδειξιν

280 2715 335 2791 τῆς
366 2708 575 2795 δικαιοσύνης
598 2713 717 2791 αὑτοῦ,
744 2712 799 2778 διὰ
823 2719 883 2797 τὴν
907 2719 1041 2799 πάρεσιν
1068 2715 1133 2780 τῶν
1158 2737 1280 2798 προμο-

280 2846 425 2923 μονότων
467 2847 731 2931 ἁμαρτημάτων,
776 2848 810 2911 ἐν
857 2854 897 2931 τῇ
939 2846 1044 2934 οἷνοχῇ
1086 2850 1141 2910 τοῦ
1188 2848 1268 2912 Θεοῦ

282 2975 381 3058 (Rom.
404 2975 458 3040 ΠΙ
481 3001 489 3040 t
515 2979 574 3054 25,
599 2978 665 3062 26).

324 3106 409 3172 Deus
431 3112 566 3194 peccata,
590 3106 627 3173 ab
649 3107 826 3185 hominibus
848 3115 950 3190 antea,
974 3110 995 3175 i.
1020 3131 1046 3174 e.
1066 3107 1269 3175 ante-Christi

158 3321 164 3328 ἢ
280 3240 314 3304 in
336 3228 485 3306 mundum
509 3241 691 3323 adventum,
716 3248 850 3330 patrata,
862 3244 1054 3331 praeterierat
1066 3245 1109 3329 1),
1126 3265 1271 3347 suamque

277 3460 451 3471 ——.-—-

322 3587 353 3658 l)
380 3583 477 3642 Minus
502 3590 577 3642 recta
608 3582 737 3643 nonnulli
777 3592 886 3667 πάρεσιν
918 3588 946 3643 et
970 3587 1058 3667 ἄφεσιν
1081 3581 1268 3643 confundunt.

279 3693 365 3751 Recte
387 3691 574 3751 Oltramarius
595 3692 631 3751 ad
653 3693 681 3752 h.
701 3692 738 3752 l.:
759 3691 849 3770 „dans
860 3692 888 3751 la
897 3702 1005 3774 πάρεσις
1016 3707 1066 3755 τῶν
1078 3698 1271 3774 ἁμαρτημάτων

278 3800 305 3859 le
336 3797 460 3878 ptoheur
491 3798 638 3860 considite
669 3800 697 3859 la
727 3799 803 3859 faute
835 3819 944 3860 comme
975 3806 1060 3879 ayant
1089 3797 1216 3876 tohappe
1237 3819 1283 3857 au·

278 3908 358 3985 sojet.
400 3909 478 3968 Getta
498 3919 606 3991 πάρεσις
625 3929 666 3968 οη
681 3909 745 3968 effet
766 3929 782 3968 a
803 3906 972 3969 lieutantdt
993 3914 1089 3968 contre
1110 3909 1137 3966 la
1158 3903 1272 3966 volontt

280 4016 319 4076 du
347 4017 434 4093 sujet,
462 4018 527 4078 c’est
554 4039 610 4078 une
630 4019 702 4077 suite
724 4017 761 4076 de
781 4038 833 4077 son
853 4018 1037 4087 inattention;
1059 4014 1151 4076 tantdt
1172 4035 1224 4094 par
1244 4015 1273 4073 la

279 4125 394 4185 volonte
425 4126 463 4186 do
485 4127 569 4203 sujet,
591 4126 647 4185 soit
667 4125 848 4186 indifftrence
870 4127 906 4186 de
927 4147 958 4186 sa
979 4132 1059 4206 part,
1081 4126 1103 4185 il
1123 4125 1210 4184 terme
1231 4124 1272 4182 les

278 4254 368 4312 yeux,
402 4235 457 4294 soit
493 4236 637 4305 faiblcsse,
666 4236 688 4294 il
715 4234 760 4295 n'a
789 4255 839 4314 pas
869 4236 896 4295 la
924 4236 999 4295 force
1027 4234 1063 4293 de
1090 4233 1191 4312 punir,
1218 4230 1274 4290 soit

279 4343 420 4420 patience,
451 4344 473 4402 il
501 4344 605 4403 attend.
625 4363 699 4422 pour
728 4343 789 4402 voir
821 4364 852 4402 ce
873 4343 943 4424 qu’il
965 4364 1000 4403 en
1021 4341 1182 4402 adriendra.
1226 4338 1272 4398 On

279 4453 432 4539 comprend
455 4452 593 4532 qn’alors,
614 4452 725 4512 suivant
746 4471 803 4530 que
824 4452 851 4511 le
871 4450 994 4531 ptcbeur
1015 4451 1136 4512 attribue
1154 4447 1273 4524 ausujet

476 4782 486 4819 t
