3025 5275
786 668 827 733 40

310 884 328 925 a
356 884 420 942 me,
451 862 527 928 meis
556 862 590 927 in
621 862 734 942 oeulis,
758 867 794 926 ut
817 869 898 927 recte
922 862 1094 948 Hergelius
1117 885 1134 927 e
1158 868 1302 927 contextu

309 996 450 1083 explieat.
499 995 581 1078 Quid
612 996 693 1061 enim
724 996 846 1061 referret
875 1001 980 1061 uirum
1006 997 1059 1061 alii
1090 996 1127 1061 de
1150 997 1302 1061 malitiosa

309 1151 445 1197 meorum
480 1135 670 1216 peecatorum
703 1134 810 1194 natura
843 1118 1038 1193 iudicarent?
1088 1130 1146 1193 hoe
1180 1135 1301 1194 tantum

310 1262 452 1342 interest,
475 1261 552 1328 mihi
574 1262 634 1348 ipsi
647 1261 684 1326 de
695 1284 761 1326 meo
773 1268 896 1348 peceato
907 1262 1029 1349 penitus
1040 1284 1215 1348 persuasum
1227 1285 1301 1327 esse.

355 1393 417 1478 Qui
440 1392 576 1458 iudicent
597 1394 659 1458 tale
682 1394 845 1459 eonsilium
863 1394 1034 1480 legislatore
1045 1419 1109 1461 esse
1119 1396 1301 1484 indignum,

311 1526 398 1591 euius
421 1527 558 1591 studium
580 1550 644 1592 esse
667 1525 757 1592 debet
779 1527 917 1593 homines
942 1528 1140 1609 emendandi,
1156 1552 1218 1595 non
1233 1552 1302 1595 vero

311 1682 413 1725 eorum
454 1659 582 1725 delicia*
610 1660 756 1746 augendi,
803 1661 938 1746 cogitent
980 1662 1074 1726 velim
1107 1663 1207 1748 legem
1240 1685 1301 1727 non

309 1793 403 1860 fuisse
435 1793 613 1859 institutum
646 1801 847 1881 perpetuum,
871 1794 924 1859 sed
958 1818 1023 1860 eam
1057 1796 1149 1861 latam
1174 1819 1239 1860 esse
1262 1796 1300 1861 ad

310 1934 447 2015 tempus,
471 1928 586 1993 ratione
607 1927 712 1992 habita
732 1927 893 1992 hominum
916 1927 1099 1993 conditionis
1122 1929 1244 1993 moralis
1257 1931 1301 2015 1).

310 2064 424 2144 Νόμος
448 2059 666 2148 παρεισῆλθεν
694 2061 791 2145 (Rem.
815 2061 844 2123 V
870 2088 876 2124 :
903 2062 956 2145 20)
981 2060 1003 2125 i.
1027 2083 1071 2142 e,
1098 2068 1134 2125 ut
1148 2067 1304 2148 apparete

312 2199 471 2273 contextu,
502 2194 552 2258 lex
574 2193 658 2258 verrit
680 2192 715 2257 in
734 2193 884 2257 mundum
907 2193 992 2257 iuxta
1014 2200 1189 2281 peecatum,
1214 2193 1301 2258 euius

311 2334 414 2392 auctor
436 2336 499 2394 erat
521 2329 675 2409 Adamus3
700 2328 882 2413 προσετέθη
908 2328 989 2412 (Gal.
1012 2328 1066 2393 ΠΙ
1084 2356 1091 2392 :
1110 2330 1183 2413 19),
1200 2327 1302 2392 addita

312 2468 357 2526 est
380 2471 420 2548 τῇ
447 2464 611 2549 διαθήκῃ,
640 2469 727 2528 antea
754 2485 824 2527 cum
851 2462 1022 2528 Abrahamo
1044 2462 1154 2541 initae,
1183 2483 1245 2525 non
1269 2467 1304 2525 ut

316 2617 432 2683 semper
442 2602 593 2676 maneret,
610 2596 663 2661 sed
686 2602 779 2685 ἄχρις
804 2583 842 2663 οὗ
865 2595 947 2686 ἔλθῃ
963 2592 1005 2661 ’τὸ
1022 2597 1148 2682 σπέρμα
1165 2586 1192 2682 ᾧ
1208 2599 1303 2679 ἐπήγ-

315 2728 446 2811 γελται,
477 2734 538 2815 πρὸ
568 2738 623 2796 τοῦ
655 2727 767 2794 ἐλθεῖν
800 2738 857 2812 τῆν
889 2732 1001 2795 πίστιν
1027 2732 1082 2813 (νε.
1109 2731 1151 2794 23
1176 2734 1207 2793 et
1231 2728 1303 2812 25);

313 2862 376 2927 vim
407 2885 492 2928 suam
522 2862 654 2941 amittit,
677 2864 730 2928 ὅτε
753 2859 836 2942 ἦλθε
860 2866 896 2926 τὸ
920 2862 1077 2947 πλήρωμα
1101 2868 1157 2928 τοῦ
1183 2867 1301 2950 χρόνον

316 2995 374 3080 (W
398 3023 405 3061 z
429 2998 473 3081 4).
520 2996 570 3061 Sic
603 2996 653 3060 lex
674 3017 749 3082 ‘non
783 3002 846 3061 tarn
880 3018 914 3061 eo
938 2996 1070 3060 tetendit
1092 3001 1128 3059 ut
1150 2995 1305 3062 hominem

318 3128 499 3208 emendaret,
523 3151 614 3214 quem
636 3134 672 3193 ut
695 3151 765 3193 eum
787 3133 892 3215 aptum
914 3128 1051 3193 redderet
1073 3128 1111 3192 ad
1133 3128 1224 3193 eliam
1236 3150 1304 3191 eon-

314 3261 478 3343 ditionem,
513 3285 572 3347 que
605 3262 695 3327 allata
728 3263 807 3348 legis
840 3262 1003 3350 imperium
1038 3268 1175 3327 cessaret.
1223 3262 1305 3342 Quo·

313 3396 403 3461 modo
432 3404 533 3461 autem
563 3397 624 3461 tale
658 3395 820 3460 eonsilium
841 3395 951 3460 melius
973 3393 1051 3459 effici
1072 3393 1190 3480 potuit,
1214 3415 1305 3478 quem

315 3530 425 3594 intime
458 3530 492 3593 in
524 3529 646 3594 homine
668 3528 830 3593 excitanda·
849 3551 920 3593 suae
941 3528 1078 3592 miseriae
1097 3525 1306 3613 persuasione?

313 3663 392 3727 Tum
414 3662 504 3727 aliam
527 3685 653 3746 eamque
670 3661 825 3726 meliorem
839 3660 1044 3724 conditionem
1054 3665 1176 3745 exoptet
1186 3681 1306 3722 neeesse

315 3800 377 3874 est,
422 3799 490 3858 tum
536 3795 697 3859 exclamat:
745 3793 952 3880 ταλαίπωρος
1000 3795 1063 3874 ἔγω
1105 3798 1283 3876 ἄνθρωπος
1294 3844 1304 3874 ,

315 3930 364 4004 τίς
386 3953 423 4013 με
449 3932 578 4014 ῥύσεται
605 3931 638 3992 ἐκ
664 3933 719 3993 τοῦ
743 3932 890 4011 σώματος
915 3935 971 3992 τοῦ
995 3934 1147 4017 &everen
1167 3930 1304 3995 votivae:

318 4063 415 4148 (rom.
439 4062 505 4127 vir
530 4089 536 4127 :
563 4065 629 4148 ee).

308 4301 494 4314 m·—

356 4452 386 4527 1)
407 4448 463 4511 cfr.
486 4452 501 4508 1
522 4449 600 4513 Tim.
621 4451 636 4508 1
660 4474 666 4511 ε
690 4454 706 4508 8
729 4468 791 4531 sqq.
