3025 5275
777 642 819 705 96

299 837 438 917 dnm,
480 835 640 902 Philonem
685 840 716 900 et
749 834 928 922 scriptorem
965 832 1023 920 up.
1061 832 1101 898 ad
1139 829 1294 898 Hebraeos

301 969 362 1055 (IX
379 996 386 1033 ε
404 971 455 1057 5),
478 967 573 1036 Hebr.
607 967 693 1054 opi?
730 965 898 1031 reddidisse
932 963 1142 1053 ἱλαστήριον,
1175 965 1292 1030 nullam

300 1121 435 1165 caussam
468 1095 574 1161 vident
586 1143 596 1174 ,
630 1057 688 1163 our·
716 1096 753 1163 ab
788 1098 845 1163 hoc
875 1097 1019 1183 loquendi
1041 1120 1100 1162 usn
1121 1096 1292 1177 recedatur,

300 1254 395 1317 quum
428 1230 462 1295 in
484 1230 529 1295 N.
550 1229 585 1294 Τ.
609 1251 760 1315 nusquam
785 1230 860 1296 alibi
882 1237 1029 1296 occurrat.
1076 1230 1135 1295 Sed
1157 1230 1293 1316 quaestio

300 1370 364 1444 est,
395 1385 448 1428 cur
480 1360 570 1429 LXX
605 1367 636 1427 et
670 1362 762 1428 Philo
800 1384 905 1432 vocem
939 1361 1109 1429 Hebraeum
1146 1362 1295 1428 remeunt

302 1496 500 1583 ἱλαστήριον.
515 1494 601 1602 opi?
623 1520 641 1561 a
663 1516 724 1606 nup
748 1496 826 1563 texit
833 1546 843 1577 ,
862 1497 980 1584 operuit
991 1496 1109 1585 proprie
1120 1495 1200 1560 nihil
1210 1495 1300 1562 aliud

301 1630 470 1722 significare
491 1636 591 1716 potest
611 1628 673 1695 nisi
697 1628 877 1715 operculum
906 1634 937 1693 et
962 1629 1041 1694 hanc
1069 1628 1190 1716 lupercali
1216 1628 1294 1694 noti-

302 1784 390 1827 onem
419 1760 511 1827 etiam
533 1761 623 1828 LXX
645 1768 748 1828 nostro
770 1760 916 1827 vocabulo
938 1761 1100 1842 tribuisse,
1125 1768 1294 1828 constater

303 1893 400 1960 Exod.
424 1894 516 1960 XXV
541 1921 548 1959 ι
574 1898 626 1974 16,
651 1893 706 1960 ubi
733 1901 905 1961 verterunt:
931 1893 1118 1981 ἱλαστήριον
1139 1898 1293 1981 ἐπίθεμα.

303 2027 377 2092 Non
425 2027 522 2114 igitur
567 2026 755 2113 ἱλαστήριον
802 2049 857 2114 per
901 2050 934 2092 se
978 2025 1168 2114 significabat
1214 2028 1296 2116 apud

302 2182 352 2225 cos
374 2159 552 2246 operculum
589 2197 633 2212 -
663 2165 731 2225 tum
763 2159 845 2226 enim
888 2183 951 2226 non
988 2160 1177 2228 addidissent
1207 2183 1294 2228 voca·

303 2291 412 2357 bulum
436 2295 579 2377 ἐπὶθεμα
605 2297 649 2344 ²-
675 2292 729 2359 sed
751 2292 904 2381 pmpriam
927 2294 1069 2382 expiandi
1092 2296 1248 2362 notionem
1270 2296 1295 2361 ii
1420 2351 1424 2364 .
1495 2327 1496 2368 l

305 2426 397 2490 etiam
428 2425 502 2491 huic
534 2426 601 2490 voci
632 2423 818 2492 tribuerunt.
864 2427 978 2492 Facilis
1013 2427 1111 2515 igitur
1152 2429 1224 2496 inde
1251 2434 1298 2494 ast

305 2558 475 2641 conclusio,
515 2581 565 2624 eos
597 2566 754 2649 propterea
787 2561 873 2657 ope?
909 2562 1050 2628 vertisse:
1087 2562 1294 2650 ἱλαστήριον,

305 2693 377 2779 quia
399 2695 574 2781 operculum
597 2717 682 2760 arcae
703 2661 832 2761 foederis
854 2695 1095 2762 instrumentum
1114 2697 1305 2784 expiationis:

305 2823 457 2890 habebant
483 2826 527 2910 1).
590 2826 699 2911 Itaque
751 2826 939 2913 ἱλαστήριον
990 2827 1165 2915 operculum
1213 2850 1298 2894 arcae

307 2957 477 3044 significare
517 2968 634 3046 polest,
680 2981 742 3024 non
789 2982 857 3026 vero
902 2960 1000 3027 debet.
1068 2962 1129 3041 At,
1170 2983 1295 3046 quaeso,

307 3089 457 3174 quomodo
508 3089 591 3155 Dens
644 3090 800 3156 Christum
853 3092 1044 3178 proposuisse
1088 3092 1151 3158 dici
1198 3098 1298 3180 potest

307 3221 482 3309 operculum
516 3244 600 3287 arcae
632 3220 778 3301 foederis,
813 3242 961 3306 quaenam
995 3221 1023 3287 oi
1057 3228 1103 3287 est
1138 3245 1207 3289 cum
1241 3223 1297 3288 hac

186 3394 187 3397 =
305 3354 520 3420 necessitudo?
546 3354 592 3418 Ut
613 3360 721 3419 notum
739 3359 802 3435 est,
826 3358 960 3455 ephan,
985 3379 1022 3422 ex
1049 3379 1121 3421 auro
1145 3355 1297 3436 confecta,

308 3487 539 3576 superimposita
559 3494 622 3552 erat
644 3509 729 3553 arcae
750 3488 895 3571 foederis,
908 3459 979 3576 'qna
1002 3490 1052 3555 lex
1078 3489 1138 3555 Dei
1164 3488 1298 3554 contine-

309 3733 494 3747 uae--n-a———n-

307 3892 341 3952 de
379 3891 458 3951 Pauli
485 3892 669 3960 οοιιοονοὶοιιο,
692 3890 845 3966 praecepero
867 3890 1018 3966 theoloplue
1044 3888 1178 3947 Paulinae
1204 3890 1301 3960 fonte:

310 4020 386 4073 „non
415 3999 496 4060 video
518 4000 618 4059 curin
639 3998 774 4059 vertenda
795 4017 862 4058 voce
884 4004 1034 4080 ἱλαστήριον
1055 3996 1244 4056 recedendum
1265 3995 1303 4053 sit

308 4129 325 4169 a
344 4108 487 4169 communi
509 4107 644 4187 loquendi
665 4127 733 4177 usu,
751 4106 843 4186 qualis
864 4105 946 4166 nobis
966 4106 998 4165 in
1019 4104 1110 4174 LXX,
1131 4103 1251 4165 Philone
1275 4108 1303 4162 et

309 4225 421 4277 auctore
442 4217 479 4276 ud
505 4217 588 4275 llebr.
611 4220 627 4274 9
651 4241 657 4273 :
682 4220 697 4274 t
719 4221 804 4275 notus
826 4213 894 4274 estf’

352 4328 379 4405 l)
410 4325 466 4385 ou.
498 4325 528 4383 in
559 4323 659 4402 primis
686 4323 722 4382 de
744 4322 883 4383 hocloco
907 4322 987 4381 Doct.
1012 4320 1072 4381 Bok
1092 4319 1123 4379 in
1144 4319 1219 4398 disp.
1243 4338 1300 4379 aca-

310 4433 418 4493 demica
450 4432 483 4491 de
500 4432 583 4490 Pauli
603 4430 728 4490 doctrina
749 4430 833 4518 deep
856 4435 1050 4513 ἀπολύτρωσιν,
1073 4448 1136 4508 pag.
1161 4431 1216 4489 133
1240 4447 1301 4511 sqq.
