3025 5275
636 675 676 739 81

160 868 194 932 in
217 868 429 933 commuuione
450 866 582 948 Christi,
606 891 667 934 non
678 891 748 935 vero
758 870 831 935 fides
843 870 877 935 iu
888 869 1009 935 Christo
1019 872 1149 958 posito),

161 1025 239 1087 quae
271 1003 356 1067 notio
389 1024 461 1067 sane
479 1024 540 1069 non
563 1002 663 1068 differt
684 1027 702 1067 1
723 1004 783 1068 fide
805 1004 870 1069 Deo
892 1003 1006 1085 habito,
1029 1012 1150 1071 auctore

161 1134 304 1215 Christo,
337 1141 404 1200 tum
438 1135 498 1215 iis,
531 1134 583 1200 ubi
610 1135 682 1200 fides
705 1136 749 1201 ita
772 1138 951 1223 proponitur
973 1144 1009 1203 ut
1030 1137 1152 1203 Christo

160 1269 276 1333 auctori
298 1267 459 1334 tribuenda
481 1268 541 1346 sit,
565 1291 593 1333 v.
619 1291 645 1334 o.
668 1269 756 1334 Rom.
780 1270 809 1332 V
834 1298 841 1336 ι
867 1273 905 1350 1,
929 1270 983 1336 ubi
1005 1277 1151 1358 ἡεῖρήιη

162 1393 241 1488 opor
258 1406 314 1468 τὸν
333 1406 414 1470 Θεὸν
431 1401 605 1466 usufructus
621 1411 676 1486 τῆς
693 1402 903 1489 δικαιοσύνης
921 1408 954 1469 ἐκ
972 1408 1106 1482 πίστεως
1122 1413 1153 1470 et

161 1534 284 1600 Christo
315 1536 429 1601 auctori
462 1535 628 1616 tribuitur,
663 1535 745 1602 unde
778 1536 873 1623 igitur
896 1537 1034 1623 seqnitur
1055 1538 1152 1625 ipsam

159 1690 283 1754 quoque
301 1669 545 1736 iustificationem
564 1668 654 1733 cdde
670 1691 723 1756 per
738 1657 895 1734 Christum
911 1670 997 1750 oriri,
1014 1671 1068 1755 qui
1083 1671 1153 1736 fidei

161 1809 265 1867 auctor
287 1811 354 1884 est;
377 1801 488 1889 pariter
512 1805 530 1867 2
554 1801 622 1866 Cor.
647 1801 760 1867 V:21
788 1802 917 1887 aliisque
931 1803 1016 1868 locis.
1042 1804 1152 1887 Quam·

163 1956 256 2020 quam
289 1941 425 2000 nostmm
447 1935 574 1999 minime
596 1941 642 1999 est
664 1933 830 2020 diligenter
852 1934 886 1999 in
907 1941 1086 2020 argumenta
1107 1936 1153 2002 in·

162 2068 281 2152 quirere
314 2067 351 2133 ab
386 2074 514 2154 utraque
547 2073 631 2154 parte
653 2067 765 2146 111111,
788 2090 887 2154 neque
913 2090 948 2133 11
969 2068 1153 2154 ponderare,

163 2223 219 2265 uos
251 2207 353 2266 tomen
394 2201 434 2266 iis
459 2201 597 2266 assentiri
620 2201 759 2282 fatemur,
784 2201 838 2286 qui
860 2200 1020 2267 formulam
1042 2205 1152 2268 πίστει

164 2344 194 2400 Ι.
230 2344 275 2403 Χ.
311 2336 465 2422 explicent
496 2334 588 2400 fidem
621 2334 655 2398 in
686 2334 751 2399 Deo
784 2334 931 2421 positam,
956 2334 1042 2399 cuius
1064 2334 1091 2399 I.
1119 2333 1155 2400 0.

162 2474 266 2533 auctor
288 2468 346 2549 sit,
369 2467 528 2555 inprimis
550 2490 646 2552 quum
667 2467 750 2531 locos
773 2466 953 2554 inspicimus
975 2466 1030 2532 ubi
1052 2472 1155 2531 nostra

163 2600 293 2667 formula
325 2601 477 2683 occurrit,
512 2623 586 2688 quos
620 2600 765 2668 adeamus
795 2622 916 2667 necesse
950 2606 996 2666 est
1026 2605 1062 2665 ut
1083 2598 1154 2666 fidei

163 2743 304 2801 naturam
326 2741 407 2801 recte
428 2734 648 2821 intelligemus.

209 2870 374 2954 Postquam
406 2869 571 2956 Apostolus
604 2866 761 2955 probavit,
796 2888 894 2952 neque
919 2865 1034 2932 Gentes
1056 2888 1156 2952 neque

165 3001 294 3068 Iudaeos
332 3001 545 3087 δικαιοσύνην
586 3005 667 3068 Θεοῦ
706 3000 864 3085 consequi
887 3022 992 3087 posse,
1030 2999 1102 3065 inde
1139 3023 1157 3064 1

167 3137 255 3201 Rom.
286 3138 339 3200 111
373 3164 379 3201 :
412 3139 452 3201 21
485 3135 565 3200 viam
598 3134 731 3214 indicat,
755 3157 815 3219 qua
837 3134 926 3200 homo
948 3156 1049 3199 veram
1071 3134 1156 3199 illam

167 3246 292 3352 Deopuc
323 3268 414 3333 unice
445 3273 598 3354 acceptam
629 3273 660 3332 et
682 3267 750 3353 lege
773 3273 866 3351 utque
886 3267 1040 3354 prophetis
1062 3266 1157 3353 signi·

166 3397 286 3462 ficatam
330 3396 480 3463 iustitium
529 3403 739 3482 couseqrmtur.
820 3403 1021 3482 Δικαιοσύνη
1076 3400 1156 3464 Θεοῦ

168 3531 394 3618 πεφανέρωται
426 3532 481 3597 διὰ
516 3535 653 3608 πίστεως·
683 3539 713 3595 Ι.
739 3538 786 3597 Χ.
813 3531 868 3616 (vs.
893 3533 966 3616 22),
989 3530 1075 3596 nullo
1097 3530 1157 3595 dis·

169 3664 296 3731 crimine
322 3666 401 3731 facto
430 3666 511 3731 inter
540 3665 656 3732 Gentes
677 3671 708 3729 et
729 3663 875 3745 Iudaeos,
898 3686 1001 3729 omnes
1025 3670 1157 3751 spectat,

168 3799 281 3887 quippe
317 3805 504 3886 peccatores,
539 3798 702 3864 dummodo
740 3798 832 3863 fidem
869 3797 1009 3863 habeant.
1066 3797 1158 3862 Porro

168 3932 239 3998 fidei
272 3939 380 3998 notmu
414 3933 605 4020 cognoscitur
639 3932 805 3998 Abrahami
828 3931 985 4018 exemplo:
1010 3936 1073 3996 eret
1094 3930 1160 3995 eius

169 4063 242 4129 fides
282 4064 315 4129 iu
356 4065 421 4130 Deo
453 4064 569 4152 posite,
609 4063 660 4128 cni
692 4070 792 4129 totum
826 4086 858 4128 se
892 4061 1046 4143 trudebat,
1084 4068 1167 4147 quoe

169 4197 243 4262 fides
281 4220 379 4262 coram
417 4197 482 4263 Deo
521 4197 658 4262 iustitiae
696 4196 793 4261 instar
827 4201 907 4274 erat,
947 4217 1039 4280 quem
1076 4194 1160 4259 Deus

70 4391 72 4396 ,
169 4330 198 4394 11
242 4336 398 4416 tamquam
442 4330 571 4417 gratiam
594 4318 794 4418 imputabat,
829 4329 957 4394 minime
992 4327 1160 4393 mercedem

170 4463 199 4528 ei
227 4463 371 4530 debitam.
417 4465 473 4529 nst
503 4471 605 4530 eutem
634 4464 804 4552 patriarcha
829 4469 914 4550 pater
936 4471 1068 4529 πάντων
1094 4465 1158 4530 τῶν

1029 4573 1047 4635 6
