3025 5275
679 671 718 737 57

203 864 260 931 hoc
289 865 391 953 potius
417 865 531 931 Paulus
553 865 612 930 sibi
635 865 720 931 vult:
753 865 779 930 si
802 865 941 932 Christus
963 889 1024 933 non
1047 867 1140 948 vivit,
1164 866 1191 933 si

204 1000 241 1065 de
271 1007 393 1087 peccato
422 1007 453 1066 et
474 1006 570 1065 morte
595 1022 657 1065 non
679 1000 898 1086 triumphavit,
921 1001 996 1085 quid
1017 1007 1084 1067 tum
1107 1001 1191 1067 vobis

202 1133 356 1221 prodesset
388 1123 487 1200 vestra
509 1157 579 1199 cum
601 1133 722 1200 Christo
744 1134 955 1200 necessitudo?
986 1157 1056 1200 cum
1078 1158 1113 1200 eo
1142 1136 1191 1213 de·

203 1268 316 1333 mortui
338 1268 485 1354 peccatis,
509 1268 635 1333 minime
657 1291 726 1332 eum
749 1290 784 1332 eo
802 1267 951 1334 viveretis.
982 1269 1024 1333 Et
1038 1275 1105 1334 tum
1121 1293 1191 1336 sane

204 1401 423 1488 Euangelium,
452 1401 532 1487 quod
554 1401 720 1468 Corinthiis
742 1401 954 1482 nunciaverat,
978 1426 1088 1468 vanum
1110 1409 1190 1485 erat3

203 1536 313 1602 falsum
334 1537 372 1601 de
396 1537 461 1602 Deo
476 1542 603 1602 testatus
618 1542 681 1601 erat
688 1587 697 1616 ‚
713 1558 790 1601 vana
804 1557 906 1600 eorum
921 1536 1011 1617 fides,
1027 1538 1080 1622 qui
1095 1560 1192 1624 spera·

202 1669 278 1735 bant
300 1694 331 1735 se
353 1692 423 1735 cum
446 1668 566 1735 Christo
589 1669 766 1733 coniunctos
789 1691 807 1732 a
828 1675 924 1733 morte
945 1668 1086 1735 liberatos
1109 1692 1190 1750 esse,

202 1827 235 1869 re
263 1826 348 1884 vera,
379 1809 414 1868 ut
443 1809 548 1883 antea,
579 1804 719 1868 arentin
743 1801 806 1866 suis
828 1803 975 1888 peccatis,
1003 1803 1116 1890 qnippe
1137 1803 1191 1889 qui

203 1937 278 2002 falso
305 1936 491 2002 iudicassent
514 1959 544 2000 se
565 1936 605 2000 iis
627 1958 691 2000 esse
714 1935 901 2016 demortuos,
925 1935 959 2000 in
981 1936 1191 2003 communione

203 2069 317 2135 Christi
339 2070 451 2134 mortui
473 2079 559 2135 erant
577 2069 742 2157 deperditi,
760 2069 845 2134 nulla
859 2069 938 2135 vitae
953 2093 1020 2157 spes
1035 2071 1074 2136 iis
1090 2095 1190 2159 super·

203 2210 267 2270 erat
283 2207 326 2290 1).
357 2204 441 2269 Huic
470 2202 559 2269 Pauli
589 2202 627 2267 dc
652 2203 868 2268 resurrectione
890 2204 1073 2284 sententiae,
1100 2227 1190 2290 quam

202 2337 391 2424 spiritualem
409 2336 508 2401 dicere
522 2336 612 2416 licet,
629 2337 720 2401 aliam
734 2337 874 2402 accedere
888 2343 991 2424 postea
1006 2337 1188 2405 videbimus.

202 2472 355 2557 Apparet,
397 2493 466 2534 enm
502 2470 553 2534 hic
587 2470 733 2554 cogitasse
766 2471 946 2538 ἀνάστασιν
980 2493 1100 2551 eorum,
1135 2473 1188 2558 qui

202 2603 235 2668 in
266 2602 387 2669 Christo
417 2604 506 2669 fidem
536 2602 702 2684 habebant,
733 2625 916 2689 quamquam
941 2626 1003 2671 non
1026 2628 1188 2693 negamus,

201 2737 293 2801 etiam
314 2737 387 2801 huic
406 2737 498 2824 capiti
517 2737 645 2823 vestigia
667 2745 723 2820 τῆς
746 2739 1039 2816 ἀποκαταστάσεως
1055 2746 1188 2808 πάντων

162 2867 166 2871 ’
200 2870 308 2935 inesse.

245 3002 304 3066 Sed
332 3002 433 3067 reiicit
461 3003 626 3089 Apostolus
655 3004 756 3067 omnia
785 3027 820 3069 ea
827 3054 836 3083 ,
865 3026 959 3090 quae,
991 3005 1017 3070 si
1048 3007 1188 3073 Christus

200 3135 234 3198 in
263 3135 357 3199 vitam
387 3157 448 3199 non
479 3135 633 3214 rediisset,
664 3133 736 3199 inde
758 3144 973 3221 sequerentur:
1006 3161 1076 3204 nam
1104 3141 1187 3204 omni

199 3268 292 3334 dubio
314 3268 412 3333 maius
433 3292 498 3333 esse
520 3267 596 3332 dicit
621 3290 690 3332 eum
713 3268 813 3333 vivere
838 3271 973 3357 (1120).
1000 3272 1104 3354 Quum
1115 3296 1185 3338 vero

200 3404 377 3477 ἀνάστασις
407 3406 530 3487 νεκρῶν
556 3423 618 3465 non
640 3415 736 3481 esset,
760 3402 1013 3486 quemadmodrnn
1035 3403 1185 3470 Corinthii

199 3536 340 3602 nonnulli
383 3534 619 3613 contenderunt,
659 3555 761 3598 nonne
793 3539 861 3599 tum
895 3527 1058 3620 praestaret
1092 3539 1187 3603 vitam

200 3669 318 3755 exigere
336 3668 375 3733 ad
393 3667 609 3754 Epicureorum
625 3689 777 3746 normam,
794 3668 866 3752 quia
880 3675 949 3754 post
963 3677 1095 3753 mortem
1105 3673 1183 3739 nihil

198 3800 283 3865 aliud
304 3799 391 3865 nobis
414 3798 545 3885 supersit
565 3801 620 3883 (vs
645 3799 726 3884 32)?
766 3800 816 3864 Sic
834 3800 948 3866 Paulus
960 3802 1185 3870 cavillatoribus

198 3934 261 3998 illis
294 3933 419 4020 probare
441 3939 566 3997 conatur
587 3953 654 4011 eos,
678 3932 791 4019 quippe
814 3932 928 4000 Obristi
951 3938 1125 4004 ἀναστάσει
1150 3944 1185 4005 ἐκ

200 4070 322 4153 νεκρῶν
342 4067 432 4131 fidem
452 4065 616 4144 babentes,
638 4066 791 4131 immerito
807 4089 918 4153 negare
928 4068 994 4133 eius
1005 4075 1185 4137 sectatorum

238 4455 266 4542 1)
275 4451 331 4525 Cir.
342 4455 378 4518 de
389 4462 448 4530 toto
460 4459 512 4531 hoc
523 4466 667 4552 segmento
677 4461 752 4535 Clas.
764 4463 897 4535 Scholtcn
907 4464 947 4535 11.
955 4465 970 4523 Ι
978 4484 1005 4557 p.
1017 4466 1185 4539 rsa-las,
