3025 5275
561 1062 760 1129 CAPUT
795 1064 841 1129 II.

274 1340 321 1405 De
355 1360 464 1404 caussa
497 1360 553 1403 aur
576 1359 673 1424 ςοιιιιο
699 1338 871 1403 tumauum
891 1359 948 1424 per
973 1337 1130 1404 Christum

422 1497 633 1596 taurinatium
662 1499 742 1563 Θεοῦ
767 1507 981 1584 consequatur.

253 1782 310 1846 Est
342 1781 415 1846 haec
448 1780 608 1868 repetenda
640 1805 658 1845 a
690 1780 814 1846 vinculo
847 1781 928 1846 inter
961 1803 1057 1867 genus
1090 1781 1195 1846 huma·

208 1938 283 1980 num
316 1920 347 1979 et
379 1914 507 1979 alterum
541 1913 711 1992 Adimam,
747 1914 834 1979 cuius
867 1913 983 2001 primus
1018 1922 1117 1991 τσοιος
1152 1919 1197 1979 est

212 2046 308 2131 (Rom.
331 2046 361 2110 V
385 2074 391 2112 :
417 2048 490 2132 14):
524 2051 561 2110 ut
593 2045 631 2111 ab
653 2046 712 2111 hoo
733 2067 834 2127 mors,
858 2045 902 2111 sic
921 2043 959 2110 ab
982 2044 1036 2110 illo
1059 2044 1138 2124 rita,
1162 2051 1198 2109 ut

210 2179 247 2243 ab
276 2180 370 2245 altero
393 2180 622 2261 condemnatio,
650 2182 694 2246 sic
716 2181 754 2247 ab
777 2181 872 2247 altero
893 2179 1043 2246 iudicium
1063 2179 1198 2266 pruinas

210 2313 379 2393 redundat,
403 2313 457 2399 qni
478 2336 539 2379 non
564 2320 692 2403 χοϊκός,
716 2314 769 2379 sed
793 2318 986 2400 ἐπουράνιος
1010 2318 1065 2378 est.

254 2447 300 2511 Ut
328 2446 363 2511 in
391 2447 489 2534 priore
521 2453 639 2513 nostrae
669 2446 893 2533 disquisitionis
925 2452 1011 2534 parte
1044 2446 1142 2534 prima
1164 2445 1198 2511 in

211 2603 334 2646 censum
366 2578 506 2646 veniebat
538 2581 769 2668 comparationis
801 2603 889 2668 pars,
923 2581 967 2647 sic
997 2578 1091 2645 altera
1111 2577 1199 2644 nobis

210 2714 262 2780 hic
291 2714 471 2801 exploranda
500 2721 547 2780 est
575 2737 651 2800 quae
684 2715 839 2780 invenitur
870 2714 957 2780 Rom.
981 2714 1011 2778 V
1035 2734 1042 2773 :
1067 2715 1198 2778 15-19

212 2855 242 2913 et
266 2851 284 2913 1
309 2847 376 2913 Oor.
400 2848 461 2912 XV
485 2876 492 2914 :
517 2850 659 2913 45-49.

257 2980 307 3046 ‘H
339 2987 429 3069 χάρις
463 2988 519 3046 τοῦ
556 2985 636 3048 Θεοῦ
672 2985 727 3046 καὶ
764 2989 785 3064 ἡ
820 2980 921 3066 δωρεὰ
957 2984 991 3047 ἓν
1026 2987 1132 3068 χάριτι
1160 2989 1200 3066 τῇ

213 3120 268 3179 τοῦ
291 3118 363 3191 ἑνὸς
386 3116 568 3199 ἀνθρώπου
592 3115 700 3199 Ἰησοῦ
724 3121 869 3200 Χριστοῦ
894 3118 938 3191 οἷς
962 3116 1037 3190 τοῦς
1058 3111 1196 3189 πολλοῦς

213 3247 412 3330 inspiraturi
442 3248 496 3330 (VS.
523 3249 590 3332 15).

258 3378 374 3465 Incipit
405 3379 519 3444 Pauius
549 3402 566 3445 a
587 3380 685 3465 gratia
707 3378 812 3445 divina
823 3407 832 3460 ς
856 3379 882 3443 si
906 3383 1041 3459 constat,
1064 3377 1146 3463 quod
1167 3376 1202 3441 in

212 3513 324 3599 protasi
346 3512 478 3578 dixerat:
502 3535 555 3600 per
577 3514 676 3583 unius,
692 3511 963 3601 peccatumplures
975 3514 1201 3589 essemortnos,

213 3647 311 3712 multo
345 3647 466 3712 certiusv
488 3654 535 3712 est
570 3647 691 3733 (πολλῷ
722 3646 860 3732 μᾶλλον)
892 3646 971 3711 hanc
993 3645 1052 3711 Dei
1075 3643 1203 3732 gratiam

214 3789 245 3846 et
277 3781 405 3861 donum,
438 3780 524 3845 cuius
554 3781 651 3867 gratia
673 3786 719 3845 est
745 3802 866 3859 caussa,
889 3780 923 3844 in
946 3777 1048 3866 phines
1072 3800 1201 3843 manare.

215 3914 271 3980 Est
301 3916 374 3981 haec
408 3915 529 4002 δωρεά,
562 3921 598 3980 ut
632 3919 755 4001 apparet
788 3937 804 3978 e
834 3919 907 3979 sect.
934 3916 996 3993 17,
1020 3911 1121 3999 δωρεὰ
1144 3919 1201 3994 τῆς

215 4050 423 4135 δικαιοσύνης
460 4057 491 4115 et
516 4051 550 4114 in
572 4048 679 4136 primis
702 4048 864 4134 conspicua
886 4056 932 4113 est
953 4047 988 4112 in
1012 4046 1071 4112 Dei
1090 4043 1204 4130 gratia,

214 4206 305 4269 quam
327 4184 361 4247 in
383 4183 504 4248 Christo
524 4181 612 4246 nobis
634 4180 848 4279 manifestavit.
889 4179 962 4245 Non
986 4179 1068 4244 enim
1090 4176 1204 4242 Paulus

217 4317 268 4381 hie
301 4316 337 4381 de
370 4316 484 4381 Christi
519 4315 616 4401 gratia
648 4313 803 4400 loquitur,
839 4320 875 4378 ut
906 4311 1047 4378 nonnulli
1077 4314 1204 4398 putant,

216 4474 234 4518 a
266 4450 325 4515 Dei
359 4450 455 4537 gratia
487 4447 719 4535 distinguenda3
756 4445 809 4510 sed
845 4445 903 4510 Dei
927 4444 1054 4532 gratiam
1077 4441 1205 4508 ulterius
