3025 5275
677 678 718 743 39

201 872 345 941 nonnulli
363 874 448 961 prius
466 872 548 940 idem
570 873 631 939 fere
651 873 821 960 significare
835 871 974 938 iudicant
988 879 1078 957 atque
1093 879 1190 960 poste·

125 1039 127 1046 ·
201 1007 282 1087 rius,
306 1030 415 1095 nempe
437 1014 473 1072 ut
495 1012 695 1096 παράβασεις
720 1007 917 1072 exorirentur.
963 1006 1132 1072 Provocaut
1153 1006 1192 1072 ad

201 1142 289 1207 Rom.
309 1142 356 1207 IV
371 1169 377 1207 :
392 1143 446 1220 15,
470 1139 524 1205 ubi
543 1142 608 1227 ipse
627 1140 742 1205 Paulus
755 1140 891 1219 dixisset,
904 1140 970 1204 sine
980 1140 1048 1226 lege
1058 1142 1191 1205 Mosalca

202 1293 263 1336 non
291 1294 355 1336 esse
381 1275 579 1359 παράβασιν.
622 1270 686 1335 'Sed
709 1276 916 1358 praeterquam
940 1270 1021 1355 quod
1044 1271 1190 1335 articulus

202 1408 267 1471 τῶν
297 1405 414 1470 indicat
442 1406 572 1471 Paulum
602 1404 700 1470 dicere
723 1404 761 1469 de
784 1409 1005 1493 παραβάσεσι,
1031 1427 1107 1489 quae
1129 1404 1191 1469 iam

202 1539 403 1619 exstiterunt,
446 1540 530 1604 locus
568 1537 618 1603 hic
655 1538 724 1603 ideo
758 1560 861 1602 eorum
896 1537 1077 1603 sententiam
1110 1537 1192 1602 haud

202 1674 375 1753 confirmat,
411 1674 483 1759 quie
515 1671 560 1737 ibi
594 1695 690 1737 sermo
722 1696 784 1737 non
812 1678 858 1737 est
887 1671 1012 1757 de‘lege
1035 1672 1170 1736 Mosaios
1181 1721 1190 1750 ,

204 1806 256 1871 sed
279 1807 315 1872 de
337 1830 520 1893 unaquaque
541 1807 609 1891 lege
630 1812 661 1870 et
684 1827 790 1869 sensus
813 1805 905 1870 huius
927 1805 987 1869 loci
1010 1812 1075 1870 est:
1111 1829 1128 1870 a
1150 1812 1192 1869 te·

204 1964 295 2027 quam
316 1941 406 2005 homo
429 1940 545 2028 peccati
569 1939 616 2003 sui
639 1938 699 2003 sibi
722 1938 860 2002 conscius
886 1946 932 2003 est
953 1939 1060 2018 sactus,
1074 1938 1193 2023 quando

203 2075 297 2140 vitam
334 2074 414 2161 agit,
453 2079 608 2159 tamquam
642 2074 728 2138 nulla
763 2073 791 2137 ei
826 2072 867 2137 sit
899 2073 966 2152 lex,
1006 2076 1191 2162 παράβασις

204 2216 343 2275 nonest.

247 2343 304 2408 Est
325 2343 399 2407 haec
423 2341 572 2406 sententia
594 2341 709 2427 Meyeri
730 2341 928 2425 aliorumque.
954 2341 1061 2407 Iudice
1071 2341 1193 2406 Usterio

203 2478 288 2542 locus
309 2482 411 2541 noster
432 2475 514 2540 idem
537 2474 687 2560 significat
709 2497 744 2538 ac
767 2475 854 2557 Rom.
874 2475 928 2539 HI
946 2502 952 2539 ε
972 2478 1032 2554 20,
1060 2474 1113 2540 11111
1128 2475 1196 2560 lege

206 2612 378 2694 ἐπίγνωσις
390 2612 552 2695 ἁμαρτίας
565 2614 666 2674 exorta
677 2630 741 2673 esse
754 2608 876 2675 dicitur.
900 2606 958 2673 Sed
971 2606 1131 2674 confimdit
1141 2608 1196 2673 ille

205 2750 405 2835 παράβασεις
428 2754 458 2810 01
476 2745 648 2831 ἁμαρτίας,
660 2766 731 2807 uam
743 2742 781 2807 de
794 2746 963 2824 ἐπίγνωσει
978 2746 1193 2830 παραβάσεων

205 2880 291 2945 nullo
322 2879 412 2944 modo
442 2900 538 2943 sermo
568 2901 637 2942 esse.
654 2882 763 2964 potest.
810 2877 924 2942 Melius
946 2877 999 2941 alii
1023 2877 1193 2964 explicant:

207 3013 245 3079 ad
281 3011 532 3098 transgressiones
572 3010 765 3091 coercendam
802 3032 874 3074 nam
909 3017 1001 3098 χάριν
1037 3009 1118 3074 idem
1152 3015 1197 3073 est

207 3169 241 3211 ac
277 3148 394 3229 ἕνεκα,
431 3156 574 3232 propter,
613 3143 657 3208 ita
690 3149 726 3207 ut
761 3146 961 3230 capadocem
996 3143 1059 3207 sint
1093 3164 1197 3207 caussa

207 3279 284 3367 legis
306 3279 444 3345 ferendae
461 3282 503 3365 l).

252 3414 301 3479 Ita
322 3414 570 3500 interpretantes,
593 3409 739 3474 habemus
759 3410 888 3474 alterum
900 3409 1061 3474 consilium
1074 3432 1196 3495 prorsus

208 3547 294 3611 alteri
328 3545 528 3624 contrarium,
552 3548 610 3610 ἵνα
634 3542 796 3629 πλεονάσῃ
819 3547 854 3606 τὸ
879 3549 1084 3628 παράπτωμα
1108 3542 1195 3606 Rom.

208 3680 237 3742 V
273 3708 280 3743 z
318 3683 357 3744 20
368 3729 376 3758 ,
416 3678 454 3742 de
487 3699 615 3762 quorum
648 3674 808 3740 verborum
841 3698 931 3739 sensu
965 3674 1100 3759 quaestio
1134 3697 1198 3738 esse

208 3813 325 3900 nequit.
372 3812 451 3877 Cum
473 3834 507 3876 00
529 3816 609 3876 arcte
631 3810 767 3875 cohaeret
793 3809 882 3889 illud,
906 3811 993 3873 Rom.
1015 3808 1078 3873 VII
1104 3836 1111 3872 :
1137 3811 1195 3872 13:

208 3952 267 4016 ἵνα
288 3951 424 4033 γένηται
443 3948 522 4013 καθ’
539 3943 722 4034 ὑπερβολὴν
740 3941 929 4029 ἁμαρτωλὸς
946 3950 965 4026 ἡ
981 3944 1125 4027 ἁμαρτία
1142 3941 1197 4006 διά

210 4090 265 4165 τῆς
296 4080 445 4165 ἐντολῆς,
476 4087 511 4144 111
539 4084 697 4165 peccatum
728 4099 819 4162 quam
849 4076 979 4140 maxime
1001 4097 1126 4160 peccans
1150 4075 1198 4139 dc·

208 4214 455 4301 prehenderetur,
478 4235 539 4276 non
562 4212 728 4276 multorum
751 4209 885 4288 iudicio,
909 4214 944 4272 ut
963 4208 1123 4287 nonnulli,
1146 4208 1198 4272 sed

210 4390 377 4400 m—

253 4475 280 4554 1)
302 4472 358 4534 cfr.
381 4472 455 4532 Clas.
476 4471 617 4532 Hoekslra
638 4473 657 4531 l.
679 4471 777 4549 lpag.
806 4472 864 4529 lea
886 4489 947 4549 sqq.
