3025 5275
798 661 816 725 8

312 858 494 945 Apostolum
527 820 613 922 suain
642 854 823 942 dignitatem
855 862 959 921 contra
988 855 1170 921 adversarios
1201 854 1301 920 defen·

313 991 450 1070 dentem,
474 990 528 1055 sed
545 988 749 1055 accusationes
771 990 954 1055 refutantem
973 987 1067 1054 abiis
1078 989 1112 1052 in
1123 989 1303 1074 religionem

315 1124 509 1191 christianam
532 1122 672 1209 prolatas.

357 1258 463 1323 Altera
487 1261 605 1321 nostrae
627 1254 851 1341 disquisitionis
873 1278 959 1341 pars,
984 1277 1062 1342 quae
1085 1261 1131 1319 est
1153 1253 1301 1342 positiva,

311 1390 450 1480 probabit
475 1392 553 1458 hanc
588 1389 800 1474 δικαιοσύνην
838 1393 919 1457 Θεοῦ
942 1413 961 1454 a
982 1389 1104 1454 Christo
1125 1388 1301 1454 bominibus

312 1525 411 1591 offerri
433 1532 463 1590 ct
484 1547 544 1610 qua
566 1523 682 1588 ratione
704 1521 786 1587 illud
807 1523 869 1587 fiat.

356 1657 466 1722 Fontes
495 1655 584 1721 nobis
613 1659 687 1719 sunt
708 1654 806 1741 ipsius
829 1654 918 1719 Pauli
942 1655 1095 1742 epistolae.
1144 1653 1305 1739 Quidquid

314 1790 395 1856 enim
419 1790 456 1855 de
474 1789 564 1854 Actis
586 1787 802 1875 Apostolorum
825 1789 1003 1869 statuimus,
1028 1789 1086 1853 hoc
1104 1788 1193 1853 facile
1211 1810 1304 1852 unus·

314 1925 444 2011 quisque
470 1922 626 2002 concedet,
651 1945 685 1987 ea
705 1921 885 2009 primarium
907 1923 1021 1987 fontem
1043 1922 1212 2008 theologiae
1226 1922 1304 1987 Pau-

312 2057 393 2122 linae
415 2057 477 2121 dici
502 2079 564 2121 non
586 2044 740 2142 pessel).
788 2055 835 2119 Ex
856 2054 946 2120 Pauli
965 2062 1066 2120 autem
1084 2055 1220 2143 epistolis
1234 2055 1304 2120 illas

313 2199 434 2257 tantum
457 2197 586 2277 quatuor
607 2191 642 2256 in
659 2213 732 2255 usus
747 2195 866 2254 nostros
882 2195 1105 2269 convertemus,
1122 2188 1160 2253 de
1175 2183 1305 2274 quarum

207 2377 212 2390 ,
314 2325 470 2390 authentia
500 2346 518 2388 a
544 2323 666 2390 nemine
682 2322 840 2388 dubitatur
853 2323 902 2408 2),
918 2322 993 2388 moti
1008 2344 1070 2387 non
1083 2322 1305 2408 Theologorum

312 2459 553 2547 lbrbingensium
584 2459 750 2535 sententia,
782 2459 835 2543 qui
866 2465 980 2524 caetera
1011 2458 1123 2545 scripto
1156 2457 1304 2545 Apostolc

354 2929 383 3003 1)
404 2928 478 2989 Olor.
508 2930 598 2990 Reuss
628 2930 669 2991 sic
697 2930 732 2989 da
762 2930 798 2990 iis
829 2931 946 2991 statuit:
980 2930 1040 3003 „les
1071 2932 1156 2991 Actes
1179 2929 1304 2991 contien-

310 3042 395 3108 ncnt,
425 3036 447 3096 il
476 3043 518 3096 est
554 3036 631 3109 vrai,
663 3038 804 3116 plusieurs
835 3038 963 3098 discours
993 3039 1029 3098 de
1050 3040 1139 3111 Paul,
1166 3039 1235 3098 mais
1260 3059 1306 3099 ces

309 3144 437 3205 discours
469 3165 504 3204 ue
531 3143 681 3224 depassent
712 3167 763 3224 pas
793 3147 820 3206 le
851 3130 946 3206 cerole
975 3147 1025 3206 des
1055 3144 1135 3206 iddes
1167 3148 1209 3206 las
1241 3148 1306 3225 plus

307 3250 452 3330 generales
485 3253 521 3313 dc
551 3255 580 3313 la
609 3253 785 3332 predication
814 3256 994 3335 apostolique
1015 3262 1046 3315 et
1067 3276 1102 3315 ne
1122 3257 1307 3316 contienneut

310 3361 488 3421 cbsclument
527 3363 588 3422 rien
626 3363 662 3423 dc
702 3384 734 3423 co
766 3365 816 3444 qui
847 3363 1011 3425 caracter-ise
1042 3363 1246 3442 specialement
1278 3366 1307 3426 la

308 3466 451 3546 thielogic
485 3470 520 3529 de
552 3471 647 3530 Paul.”
688 3472 763 3532 Huc.
785 3473 818 3532 de
838 3475 867 3531 lo
888 3474 968 3533 tte'ol.
989 3471 1143 3532 ctretienne
1163 3493 1200 3532 ou
1224 3473 1305 3533 siboto

308 3581 481 3656 apostolique.
525 3580 617 3640 aud.
639 3581 711 3640 Pom.
731 3581 770 3638 II
785 3581 817 3641 L.
843 3581 868 3637 V
890 3581 936 3640 Oh.
957 3581 992 3650 I,
1015 3601 1079 3658 pag.
1104 3581 1131 3642 7.

352 3687 429 3746 Alibi
450 3688 490 3747 sio
507 3688 590 3757 dicit,
602 3708 665 3766 pag.
677 3690 711 3749 3:
733 3688 774 3766 „il
785 3688 857 3748 n'est
867 3709 917 3766 pas
929 3686 1085 3748 nccessaire
1097 3688 1133 3748 dc
1143 3688 1305 3749 ddmnntrer

308 3801 371 3855 tout
399 3816 434 3854 au
463 3796 533 3872 long
563 3816 618 3876 que
638 3816 709 3856 nous
730 3816 766 3855 ne
788 3816 917 3874 pouvons
940 3797 1035 3875 puiset
1059 3797 1087 3855 la
1105 3796 1303 3858 connaissance
1338 3776 1343 3785 Δ

311 3903 346 3962 de
376 3903 404 3962 la
434 3901 576 3981 thoologia
602 3902 639 3962 dc
668 3904 739 3963 Paul
768 3909 847 3963 autre
867 3910 931 3982 part
952 3924 1007 3984 que
1028 3905 1098 3964 dans
1118 3922 1162 3964 ses
1184 3903 1306 3982 apitrcs,

311 4029 347 4068 en
367 4010 562 4086 comparaison
584 4009 743 4090 desquelles
765 4015 857 4069 toutes
879 4011 920 4070 les
937 4018 1030 4070 autres
1050 4030 1165 4071 sources
1186 4011 1307 4071 scraicnt

309 4117 385 4176 aussi
417 4118 571 4194 superfluos
602 4117 836 4199 qu'insuffisantes
857 4125 885 4178 et
906 4138 977 4178 nous
999 4119 1193 4198 exposcraient
1213 4119 1305 4181 mbmc

310 4221 327 4282 ἰ
348 4230 512 4284 commettre
530 4225 580 4285 des
602 4225 739 4286 errcurs.”

352 4335 380 4414 2)
411 4333 454 4392 De
481 4333 615 4394 Brunonc
645 4335 773 4406 Bauero,
814 4335 863 4415 qui
892 4356 989 4397 omues
1022 4336 1110 4397 Paulo
1139 4336 1301 4411 abiudicat,

309 4461 401 4502 sermo
421 4462 482 4501 esse
503 4442 609 4525 nequit.
1200 4446 1202 4450 ’
