3025 5275
667 691 707 758 87

240 888 344 955 Huius
372 887 442 954 fidei
473 886 643 953 salutiferae
674 885 759 951 Deus
783 890 829 951 est
851 883 1023 967 obiectum,
1047 887 1128 971 quod
1149 887 1189 952 iis

194 1022 286 1103 loeis,
317 1022 428 1108 quibus
462 1022 517 1087 illa
546 1020 683 1086 absolute
717 1020 816 1108 posita
839 1021 987 1101 occurrit,
1012 1020 1190 1086 concludere

194 1156 267 1222 lieet
314 1179 351 1221 ex
383 1156 440 1236 iis,
475 1155 587 1241 quibus
622 1154 733 1220 diserte
767 1153 930 1219 indicatur.
977 1154 1053 1219 Eius
1087 1160 1191 1219 auctor

193 1290 228 1354 in
254 1288 343 1354 nobis
365 1294 411 1353 est
432 1289 460 1354 I.
483 1288 518 1354 O.
528 1339 537 1369 ‚
561 1286 704 1352 tollendis
724 1287 952 1375 impedimentis
973 1287 1061 1366 fidei,
1080 1287 1114 1352 in
1126 1287 1190 1352 Deo

194 1423 393 1490 collocandae.
413 1424 484 1511 Ipse
505 1429 607 1488 autem
618 1421 758 1487 Christus
781 1421 933 1487 obiectum
945 1429 991 1486 est
1002 1420 1088 1485 illius
1100 1420 1188 1500 fidei,

196 1584 272 1647 quae
294 1559 381 1626 nobis
401 1560 450 1624 via
472 1565 518 1624 est
535 1558 574 1624 ad
597 1558 705 1638 fidem,
729 1556 764 1621 in
787 1556 852 1621 Deo
874 1554 1054 1621 habendam.

237 1693 349 1759 Facitis
376 1716 459 1759 nuno
497 1697 543 1758 est
577 1690 732 1778 responsio
766 1690 805 1755 ad
837 1688 1064 1775 quaestionem,
1097 1710 1188 1774 quam

150 1822 152 1824 ¹
194 1828 284 1893 initio
326 1834 445 1893 nostrae
490 1823 712 1912 disquisitionis
746 1823 784 1889 de
816 1824 875 1889 fide
907 1822 1081 1910 posuimus,
1114 1844 1187 1908 quo-

193 1962 282 2028 modo
322 1961 406 2026 Deus
447 1960 528 2025 salva
569 1982 623 2023 sua
645 1957 765 2023 iustitia
798 1957 953 2023 hominem
986 1956 1103 2021 iustum
1136 1956 1185 2021 de·

194 2096 304 2160 clarere
340 2093 447 2181 possit.
505 2093 550 2158 Ea
579 2092 653 2157 fides
688 2114 787 2157 eoram
820 2091 885 2157 Deo
917 2090 1052 2156 iustitiae
1085 2091 1186 2155 looum

195 2232 295 2307 tenet,
326 2249 403 2312 quae
431 2249 493 2291 non
526 2232 646 2290 tanturn
669 2230 772 2290 mente
793 2223 939 2309 quaedam
962 2224 1102 2311 dogmata
1125 2247 1187 2289 am-

195 2361 360 2447 plectitur,
396 2360 448 2425 sed
470 2360 571 2425 animo
594 2359 685 2425 etiam
708 2382 741 2424 se
764 2359 829 2425 Deo
851 2358 955 2425 tradit.
1000 2358 1082 2423 Talis
1105 2358 1187 2425 enim

195 2494 289 2560 animi
330 2493 463 2559 conditio
501 2492 652 2572 hominis,
696 2492 815 2558 etiamsi
857 2493 956 2559 adhue
997 2492 1185 2580 imperfecti,

195 2628 381 2717 principium
415 2627 568 2708 eontinet,
602 2649 662 2713 quo
696 2627 817 2693 exculto
850 2626 949 2715 magis
972 2627 1132 2715 magisque
1152 2627 1186 2692 in

194 2763 244 2828 via
266 2762 458 2850 perfeetionis
481 2762 682 2851 progreditur.

192 3096 291 3174 parade
321 3115 357 3154 en
388 3095 488 3173 regard
520 3094 605 3154 d'one
635 3101 714 3155 autre
745 3093 797 3154 rie.
841 3095 916 3154 Tout
936 3115 967 3154 oe
989 3095 1037 3175 qui
1057 3114 1190 3172 eompose

193 3205 222 3263 la
247 3203 293 3263 vie
317 3202 483 3280 religiense‚
504 3201 637 3281 penades,
658 3203 841 3273 sentimenta,
861 3201 1005 3272 volentes,
1027 3202 1133 3262 actious
1153 3222 1189 3261 ne

194 3318 258 3372 sont
287 3332 341 3391 que
372 3311 422 3371 des
453 3311 632 3389 expressions
662 3311 697 3370 de
717 3311 745 3370 la
766 3311 806 3370 roi
828 3310 898 3370 dont
921 3312 990 3370 elles
1011 3308 1141 3370 emanent
1162 3316 1189 3370 et

194 3418 212 3478 a
231 3420 354 3499 laquelle
375 3420 443 3478 elles
467 3425 638 3482 retourueut.
680 3419 787 3479 nonies
808 3419 849 3477 ies
871 3417 987 3478 facultds
1010 3419 1045 3478 de
1065 3418 1189 3497 despuit,

194 3533 258 3587 tous
288 3527 329 3586 les
358 3527 523 3586 sentimenta
552 3527 592 3586 du
613 3546 714 3598 eoeur,
736 3532 829 3586 tontes
850 3526 891 3585 les
912 3524 1084 3586 rdsolutions
1105 3531 1141 3584 de
1161 3527 1189 3586 la

194 3635 238 3694 vie
266 3635 372 3706 active,
409 3640 478 3694 nont
498 3654 528 3693 se
549 3634 648 3694 sondro
670 3645 698 3694 et
719 3634 810 3694 s'unir
830 3634 973 3694 ensemble
995 3634 1065 3693 dans
1086 3634 1114 3692 la
1134 3635 1188 3704 soi,

88 3820 91 3827 Ι
193 3763 266 3822 pour
296 3763 443 3821 composer
475 3762 510 3803 en
539 3742 672 3803 l'homme
702 3743 730 3802 ia
763 3742 808 3802 vio
837 3742 1003 3820 religieuse,
1030 3742 1138 3802 interne
1161 3749 1189 3801 et

194 3850 331 3911 externe?
