3025 5275
828 730 869 791 52

355 916 420 981 eius
452 940 559 1004 pareus
593 924 657 982 erat
688 919 899 1005 pneumaticus
932 920 987 1003 (vs.
1012 922 1087 1005 46);
1112 925 1175 984 eret
1197 920 1290 999 alter,
1314 925 1350 984 ut

354 1070 457 1112 omues
480 1049 545 1113 eius
565 1051 693 1136 posteri,
719 1054 753 1118 ἐν
776 1060 902 1138 φθορᾷ,
927 1056 961 1118 ἐν
979 1053 1105 1137 ἀτιμίᾳ,
1123 1056 1157 1119 ἐν
1174 1053 1288 1136 ἀδικίᾳ
1303 1055 1346 1138 1),
1402 1109 1404 1112 .

353 1182 430 1246 alter
464 1187 499 1248 ἐν
531 1184 723 1270 Ὁὶφθαρσίᾳ,
759 1189 793 1251 ἐν
831 1185 926 1272 δόξῃ,
961 1189 995 1251 ἓν
1033 1186 1188 1269 triremes:
1223 1185 1348 1250 alterius

355 1336 462 1402 corpus
503 1321 566 1381 erat
609 1316 769 1405 ψυχικόν,
811 1318 845 1382 in
879 1340 939 1403 quo
976 1328 1085 1405 ψυχή,
1122 1319 1345 1403 πνευματικόν

355 1446 495 1527 alterius,
518 1448 551 1512 iu
574 1470 634 1532 quo
652 1455 779 1532 πνεῦμα
796 1450 908 1537 primas
924 1451 989 1536 agit
1003 1461 1103 1537 partes
1120 1454 1175 1537 (vs.
1189 1455 1346 1539 42-44).

355 1579 405 1645 Ab
428 1581 620 1668 altera-parte
636 1588 717 1646 stant
733 1604 837 1646 omnes
852 1582 885 1660 ii,
904 1581 958 1666 qui
975 1583 1174 1669 cumprime,
1190 1582 1228 1648 eb
1244 1584 1348 1665 altera,

354 1713 407 1797 qui
430 1736 499 1778 cum
522 1715 653 1779 secundo
675 1715 794 1780 Adamo
817 1721 888 1779 sunt
912 1715 1079 1780 coniuncti.

398 1846 464 1911 Iam
493 1846 581 1925 nubis
620 1848 815 1935 perspicuum
855 1853 918 1925 est,
953 1869 1007 1911 cur
1018 1898 1028 1927 ‚
1067 1854 1103 1912 ut
1137 1871 1227 1935 supra
1249 1849 1344 1914 auim-

354 1978 554 2059 advertimus,
591 2003 680 2045 nemo
716 1987 786 2044 ante
820 1978 977 2044 Christum
1011 1980 1224 2066 δικαιοσύνην
1262 1986 1344 2050 Θεοῦ

355 2112 396 2176 sit
425 2119 613 2179 consecutus.
658 2112 850 2199 Principium
884 2112 1013 2178 animale
1044 2113 1083 2177 iis
1113 2112 1255 2178 omuibus
1278 2136 1349 2179 cum

354 2247 472 2312 Adamo
507 2253 563 2312 >est
608 2268 784 2325 commuue,
830 2252 978 2332 appetunt
1019 2252 1139 2310 tautum
1178 2246 1347 2326 terrestria,

353 2401 428 2464 quae
457 2403 474 2444 a
504 2377 683 2443 coelestibus
713 2400 763 2443 ecs
793 2384 934 2443 avertunt
941 2407 950 2458 3
983 2378 1057 2463 quid
1087 2378 1199 2443 mirum
1222 2400 1289 2457 em,
1313 2385 1350 2442 ut

353 2511 459 2592 illum,
476 2513 509 2576 iu
524 2518 681 2599 peccatum
697 2511 861 2576 incidisse?
885 2511 1011 2595 Itaque,
1028 2533 1210 2597 quamquam
1225 2511 1347 2576 nullum

354 2645 512 2710 vinculum
534 2653 649 2711 exstare
671 2645 842 2710 iudicamus
865 2645 945 2709 inter
966 2650 1126 2731 peccatum
1149 2651 1179 2710 et
1200 2651 1347 2724 mortem,

356 2775 483 2840 facimus
517 2798 587 2841 cum
621 2776 786 2863 Apostolo,
820 2781 919 2839 totum
953 2797 1049 2861 genus
1078 2775 1245 2840 humanum
1269 2798 1349 2841 com·

354 2910 522 2997 plectente,
554 2911 641 2975 cuius
670 2911 764 2975 altere
793 2932 861 2996 pers
892 2931 962 2974 cum
991 2908 1127 2989 iidemu,
1160 2908 1254 2974 altera
1277 2931 1348 2974 cum

354 3041 475 3107 Christo
519 3050 565 3107 est
606 3043 768 3107 coniuncta
813 3047 844 3106 et
889 3063 959 3105 cum
1006 3064 1041 3105 eu
1085 3040 1175 3105 illum
1216 3040 1349 3106 dicimus

355 3182 457 3243 τόπον
484 3184 539 3242 τοῦ
562 3175 739 3261 μέλλοντος
765 3178 863 3261 (Rom.
887 3176 917 3238 V
941 3203 948 3241 :
975 3178 1047 3260 14),
1071 3196 1131 3259 quo
1150 3181 1271 3241 auctore
1282 3176 1350 3240 uni-

356 3308 465 3393 cuique
493 3331 548 3395 pro
575 3315 697 3396 peccato
720 3316 751 3374 et
773 3315 870 3374 morte
893 3309 1012 3374 iustitia
1034 3316 1065 3373 et
1087 3309 1151 3373 vita
1173 3309 1348 3374 afferuntur.

355 3616 478 3692 primum
515 3621 625 3698 ψυχικὸς
655 3616 762 3675 fuisset.
823 3617 910 3675 Recte
943 3617 1034 3675 Reuss
1065 3617 1085 3675 l.
1114 3616 1132 3675 l.
1163 3615 1200 3673 H.
1233 3634 1260 3691 p.
1297 3618 1352 3673 95:

357 3725 446 3797 „Paul
479 3743 513 3796 ue
546 3724 589 3782 dit
622 3744 672 3800 pas
708 3730 768 3783 mot
799 3723 866 3782 d'uu
900 3725 1088 3800 chaugement
1119 3743 1173 3801 que
1204 3722 1231 3780 le
1261 3720 1353 3800 peche

356 3831 475 3890 dudam
496 3831 586 3890 aurait
607 3831 748 3890 introduit
772 3831 843 3890 deus
864 3832 892 3890 la
911 3837 1009 3890 nature
1031 3829 1190 3889 humeiue.”

399 3943 429 4010 1)
449 3941 600 4017 Perpetem
634 3940 730 4017 plures
752 3939 919 4018 interpretes
941 3939 1123 3998 haecomnia
1145 3939 1182 3997 ad
1203 3938 1352 3997 hominum

356 4049 527 4126 sepulturam
565 4048 696 4107 referunt.
749 4051 835 4107 Recte
871 4048 1023 4107 Calvinus:
1067 4046 1242 4124 „praesentis
1279 4046 1353 4105 vitae

355 4164 467 4233 tempus
488 4157 593 4216 Paulus
617 4156 805 4233 metaphorice
826 4157 928 4215 sationi
947 4161 1107 4233 comparat,
1120 4154 1354 4214 resurrectionem

357 4284 422 4323 vero
450 4264 561 4323 messi.'’
603 4265 657 4325 cc.
687 4264 843 4341 Hengelius
876 4264 958 4322 adh.
982 4265 1000 4322 l.
1023 4269 1051 4321 et
1072 4263 1211 4334 Brietius,
1233 4263 1250 4321 l.
1268 4263 1286 4321 l.
1312 4263 1352 4324 Π.

356 4392 419 4450 pag.
443 4376 500 4431 265
526 4393 587 4452 sqq.
