3025 5275
765 611 806 674 14

293 800 479 885 argumentis
496 824 526 886 q.
546 801 576 867 d.
597 804 797 889 cosmologico
809 810 840 868 et
851 803 1168 890 physicotheologico,
1179 809 1283 889 postea

269 905 414 1019 ¹quoque
443 936 562 1022 saepius
584 958 639 1022 pro
661 937 823 1001 existentia
849 937 908 1002 Dei
933 937 1043 1002 allatis.
1091 937 1283 1021 Quamquam

294 1065 487 1130 concedimus
520 1066 727 1153 philosophice
761 1062 850 1132 haec‘
868 1075 1047 1154 argumenta
1079 1091 1141 1133 non
1162 1091 1283 1155 prorsus
1345 1151 1348 1156 Ι

293 1197 407 1277 valere,
441 1220 583 1283 magnam
616 1206 719 1265 tamen
754 1201 817 1265 vim
847 1201 887 1265 iis
921 1200 1055 1265 tribucre
1074 1200 1164 1280 licet,
1188 1224 1284 1285 quum

293 1330 564 1416 praestantissimos
590 1332 786 1417 antiquitatis
813 1333 892 1397 viros
915 1333 979 1398 illis
1000 1333 1039 1398 ad
1065 1334 1128 1398 vim
1150 1334 1285 1398 divinam

293 1465 513 1550 agnoscendam
538 1466 709 1552 pervenisse
736 1473 886 1553 appareat.
933 1467 984 1531 Sic
1007 1491 1035 1532 v.
1060 1490 1086 1532 c.
1110 1466 1286 1532 Ciceronem

296 1598 396 1683 (susc.
431 1600 555 1681 Quaest.
589 1600 625 1680 I,
662 1602 716 1685 27)
751 1600 958 1687 disputantem
992 1600 1152 1666 audimus:
1192 1601 1285 1678 phaec

294 1731 528 1798 innumerabilia
551 1755 647 1817 quum
669 1733 822 1797 cernimus
829 1783 839 1813 ,
851 1754 1051 1819 possumusne
1062 1732 1199 1797 dubitare
1211 1732 1287 1817 quin

294 1865 344 1930 his
373 1866 484 1953 praesit
512 1866 625 1951 aliquis
654 1865 702 1931 rel
731 1866 871 1946 effector,
899 1867 925 1932 si
947 1867 1021 1931 haec
1043 1872 1114 1931 nata
1136 1872 1228 1945 sunt,
1251 1873 1287 1930 ut

253 1973 254 1976 Ἴ
295 1973 416 2063 Platoni
449 1999 589 2079 videtur,
623 2001 693 2078 vel,
728 2000 754 2064 si
778 2022 894 2087 semper
915 2000 1028 2067 fuerint
1039 2050 1049 2080 ‚
1073 2005 1108 2064 ut
1126 1998 1287 2064 Aristoteli

294 2131 407 2218 placet,
426 2131 594 2198 moderator
615 2132 694 2215 tanti
717 2132 816 2219 operis
836 2139 866 2197 et
884 2133 1041 2198 muneris?
1053 2172 1097 2183 —
1119 2132 1164 2197 Ut
1186 2132 1287 2197 Deum

296 2263 434 2348 agnoscis
467 2286 504 2328 ex
537 2264 678 2352 operibus
711 2264 796 2345 suis,
830 2264 875 2329 sic
904 2288 940 2329 ex
969 2265 1113 2331 memoria
1134 2282 1235 2330 rerum
1257 2270 1288 2329 et

296 2395 471 2463 inventione
503 2402 534 2461 et
567 2398 719 2464 celeritate
750 2404 852 2463 motus
886 2399 1030 2484 omnique
1059 2399 1288 2485 pulchritudine

297 2528 420 2594 virtutis
441 2529 504 2595 uim
527 2529 662 2596 divinam
688 2524 801 2596 mentis
823 2531 1010 2617 agnoscito.’'
1025 2536 1056 2618 1)

343 2664 371 2730 b.
417 2664 476 2729 Sed
497 2671 614 2752 praeter
634 2666 908 2732 manifestationem
931 2667 965 2731 in
987 2676 1109 2746 natura,
1126 2666 1185 2731 alia
1197 2665 1289 2731 etiarn

298 2797 413 2863 ratione
435 2798 519 2863 Deus
541 2799 692 2864 Gentibus
715 2823 747 2866 se
769 2799 990 2881 manifestavit3
1015 2803 1050 2865 τὸ
1074 2803 1218 2882 γνωστόν
1231 2806 1286 2864 τοῦ

301 2935 381 2998 Θεοῦ
421 2931 512 2996 etiam
553 2938 694 3018 φανερόν
734 2938 797 2997 erat
830 2932 864 2995 in
897 2932 936 2996 iis
967 2931 1035 3018 lege
1069 2931 1193 3010 morali,
1229 2952 1289 3015 qua

298 3064 471 3132 utebantur.
518 3052 586 3131 Hoc
616 3067 730 3132 Paulus
761 3066 892 3155 explicat
921 3067 1009 3132 Brun.
1045 3066 1113 3130 H:
1139 3068 1199 3146 14,
1228 3068 1286 3129 15:

298 3202 379 3266 droca
410 3204 470 3286 γὰρ
502 3200 598 3284 ’ἔθνη
619 3201 669 3284 2),
698 3207 738 3264 τὰ
768 3207 810 3285 μὴ
847 3205 946 3284 νόμον
972 3201 1107 3287 ἔχοντα,
1132 3203 1223 3283 φύσει
1249 3202 1288 3261 τὰ

298 3417 343 3477 die
386 3420 471 3490 onte,
512 3419 648 3478 Weisheit
689 3419 748 3478 und
780 3419 948 3496 Geistigheit
979 3417 1154 3478 desselben.’'
1205 3418 1292 3476 Recte

297 3526 447 3605 Meycrus:
480 3546 528 3598 „es
559 3526 597 3585 ist
627 3526 678 3586 der
709 3527 867 3603 Innbegriff
885 3526 936 3585 der
956 3526 1111 3602 gdttlicheu
1132 3524 1290 3584 Rcalittten

299 3635 487 3695 mammons

342 3741 371 3825 1)
394 3743 450 3802 eft.
482 3742 556 3803 Clar.
584 3742 685 3803 Dthnc
706 3743 724 3803 l.
743 3742 761 3802 l.
783 3762 846 3819 pag.
872 3744 928 3800 29:
971 3742 1028 3812 „So
1052 3741 1106 3800 viel
1126 3741 1195 3818 liegt
1217 3739 1291 3799 doch

297 3852 397 3912 immor
417 3850 618 3929 geschichtlich
640 3870 702 3928 vor,
727 3850 792 3909 dass
813 3850 859 3908 dic
881 3848 1107 3925 vorzhglichsten
1130 3853 1213 3907 unter
1235 3848 1291 3908 deu

298 3962 412 4022 Heiden
433 3961 522 4019 durch
543 3960 638 4020 solche
657 3960 926 4037 Bewcisfuhrungeu
947 3979 983 4018 zu
1003 3959 1113 4016 reinero
1134 3957 1291 4016 Ansiehten

300 4071 370 4129 iiber
401 4069 450 4127 das
478 4068 612 4145 gtttliche
642 4068 810 4144 gekommen
838 4087 922 4145 seyen
946 4067 1005 4125 und
1026 4067 1067 4126 sic
1089 4067 1291 4135 verbreiteten,

301 4178 435 4239 wodurch
465 4177 526 4236 sich
555 4176 630 4235 deun
661 4176 707 4234 die
728 4175 879 4252 F'ahigkeit
900 4174 949 4233 der
970 4175 1090 4251 iibrigen
1112 4173 1293 4250 dergleichen

301 4307 337 4346 cu
356 4285 482 4346 erhalten
504 4304 558 4344 von
579 4285 666 4343 selbet
689 4280 802 4360 ergab.'’

342 4396 370 4476 2)
391 4390 610 4452 Distincticnem
629 4390 764 4470 Hengelii
780 4391 799 4454 1.
820 4391 840 4452 l.
861 4409 926 4468 pag.
949 4393 1006 4450 220
1027 4390 1154 4451 intercal
1177 4394 1241 4454 ἔθνη
1265 4395 1293 4451 et
