3025 5275
698 635 738 699 23

222 828 351 915 flagitia,
382 827 460 909 nisi,
491 834 595 893 contra
617 831 799 918 Receptam,
824 830 1003 897 vocabulum
1025 834 1209 913 ἀσπόνδους

223 964 359 1050 spurium
380 961 552 1028 habeamus.

265 1097 368 1161 Talem
387 1102 576 1184 peccatorum
603 1098 773 1182 catalogum
796 1098 888 1163 etiarn
902 1098 976 1163 alibi
987 1100 1068 1186 apud
1079 1100 1210 1167 Paulum

221 1229 409 1309 invenimus,
433 1253 460 1295 e.
484 1252 510 1294 c.
535 1230 604 1295 Gal.
617 1231 646 1294 V
660 1259 666 1294 :
682 1234 722 1295 19
736 1253 814 1316 sqq.,
835 1230 889 1295 ubi
902 1230 1046 1296 dicuntur
1060 1235 1139 1320 ἔργα
1152 1244 1208 1317 τῆς

221 1369 348 1451 σαρκός.
395 1364 436 1429 Et
467 1365 541 1429 haec
570 1364 661 1443 vitia,
697 1363 742 1428 sic
777 1362 906 1428 absolvit
935 1365 1100 1451 Apostolus
1123 1389 1209 1431 suam

220 1498 384 1564 orationem
395 1498 433 1562 de
443 1498 595 1563 Gentibus
605 1520 649 1562 vs.
665 1500 859 1576 3111111111
870 1502 991 1561 tantum
1002 1499 1183 1564 committur
1197 1550 1207 1579 ,

219 1630 271 1696 sed
278 1681 288 1711 ,
311 1630 392 1716 quod
413 1631 499 1717 peius
512 1631 602 1695 etiam
615 1635 677 1709 est,
691 1637 759 1706 τοῖς
773 1635 948 1715 πράσσουσι
962 1630 1205 1713 coarctaretur,

4 1727 6 1734 ›
131 1751 134 1756 Α
219 1763 413 1828 consentiunt
441 1762 514 1826 talia
542 1760 810 1848 perpretrantibus.
859 1762 922 1844 Qui
946 1763 1023 1827 hauc
1045 1764 1134 1830 Pauli
1158 1765 1207 1831 de·

218 1896 412 1983 scriptionem
430 1901 639 1981 exaggeratam
658 1917 721 1959 esse
732 1900 837 1981 putat,
851 1895 938 1960 adeat
951 1898 1110 1985 scriptores
1121 1899 1206 1964 illius

217 2031 341 2111 aetatis,
353 2030 548 2115 omniumque
558 2028 688 2094 maxime
696 2028 856 2109 Senecam,
870 2030 923 2115 qui
935 2031 1045 2097 vividis
1057 2032 1206 2098 coloribus

217 2161 292 2226 vitia
324 2161 462 2249 depinxit
492 2167 522 2225 et
555 2159 629 2225 alibi
659 2167 690 2225 et
711 2162 823 2226 Romae
844 2163 877 2228 in
899 2164 1005 2250 primis
1028 2167 1204 2251 grassantia.

217 2294 267 2360 Sic
294 2319 320 2361 e.
351 2317 377 2361 c.
409 2296 442 2359 in
472 2293 550 2358 libro
584 2293 622 2357 de
654 2293 705 2358 Ira
734 2293 788 2373 II,
821 2297 859 2375 8,
895 2318 986 2381 quem
1008 2298 1109 2365 locum
1131 2300 1206 2365 citat

216 2426 320 2493 Usteri
337 2429 367 2513 1)
384 2456 390 2492 :
416 2427 551 2507 ,somnia
570 2426 687 2511 inquit,
700 2427 862 2493 sceleribus
874 2452 908 2494 ac
919 2429 1003 2495 vitiis
1015 2410 1104 2519 plena
1115 2440 1203 2516 sunt;

215 2561 286 2648 plus
319 2560 519 2626 committitur
553 2583 644 2647 quam
667 2560 747 2647 quod
770 2562 866 2649 possit
889 2564 1068 2630 coercitione
1090 2567 1197 2634 sanari.

141 2674 144 2679 ξ
217 2695 356 2761 Certatim
385 2696 503 2781 ingenti
538 2694 667 2781 quodam
700 2696 854 2781 nequitiae
888 2699 1065 2783 certamine3
1109 2703 1204 2767 maior

220 2829 356 2914 quotidie
366 2826 510 2916 peccandi
522 2828 689 2915 cupiditas,
701 2828 800 2893 minor
811 2831 991 2896 verecundia
1002 2838 1057 2898 est.
1078 2872 1122 2883 —
1137 2835 1204 2899 Nec

216 2962 329 3026 furtiva
358 2963 420 3026 iam
447 2960 558 3025 scelera
581 2967 670 3042 sunt;
692 2967 811 3047 praeter
833 2963 935 3026 oculos
958 2970 1048 3045 eunt;
1072 2965 1205 3052 adeoque

214 3092 250 3158 in
267 3092 425 3181 publicum
447 3092 540 3157 missa
561 3091 700 3177 nequitia
722 3098 768 3156 est
790 3098 820 3157 et
839 3092 873 3157 in
885 3094 1022 3159 omnium
1032 3097 1205 3182 pectoribus

223 3317 395 3327 Ἥ

255 3451 286 3521 1)
307 3449 326 3508 l.
336 3449 354 3507 l.
377 3468 441 3527 pag.
455 3452 500 3509 la.
521 3449 576 3509 cfr.
587 3450 671 3509 etiam
683 3450 802 3510 Senecae
813 3450 902 3528 Epist.
918 3457 952 3511 95
966 3457 994 3512 et
1005 3453 1038 3512 dc
1047 3439 1102 3513 Iro¹
1108 3455 1139 3513 11
1147 3505 1152 3525 ,
1167 3460 1200 3516 9:

213 3555 306 3628 „adde
316 3577 390 3616 nunc
401 3557 514 3634 publica
524 3557 646 3635 periuria
657 3558 784 3635 gentium
795 3564 823 3617 et
833 3565 915 3637 rupta
925 3560 1037 3622 foedera
1048 3563 1114 3623 etin
1126 3583 1205 3641 prae-

213 3664 278 3723 dam
296 3664 456 3734 validioris,
478 3665 618 3745 quidquid
640 3685 697 3724 uon
718 3667 880 3741 resistebat,
904 3669 1205 3743 abductum;circum·

213 3773 398 3850 scriptiones,
429 3774 521 3845 furta,
553 3773 685 3844 fraudes,
705 3759 902 3846 infitiationes,
926 3778 1028 3857 quibus
1049 3779 1122 3839 trina
1148 3800 1204 3839 non

212 3881 355 3941 sufficiunt
385 3883 451 3942 fora.
495 3883 524 3942 si
556 3888 665 3941 tautum
695 3883 779 3942 irasci
810 3884 852 3941 vis
873 3884 1044 3962 sapientem,
1067 3894 1204 3967 quantum

212 3990 349 4049 scelerum
373 3990 526 4068 indignitas
547 3991 648 4068 erigit,
670 4011 726 4051 non
748 3992 925 4052 irascendum
937 3993 989 4063 illi,
1002 3994 1051 4053 sed
1062 3995 1201 4055 insanien-

214 4098 282 4158 dum
304 4095 370 4157 est.’'

252 4206 295 4264 De
310 4206 443 4265 Gentium
454 4206 615 4266 conditione
626 4206 757 4284 religiosa
769 4207 868 4285 primis
879 4207 1022 4285 religionis
1034 4209 1200 4271 christianae

211 4314 401 4391 temporibus,
433 4316 482 4375 cfr.
514 4315 598 4375 etiam
628 4316 1152 4399 1111111111,1111119111111111111.
1175 4322 1203 4399 3)

212 4442 238 4505 p.
262 4425 371 4484 3-·18.
