3025 5275
810 626 852 690 bl

336 831 457 889 tuorum
479 820 726 887 resurrectionem
748 843 891 906 negasse,
917 818 1018 886 lOor.
1037 820 1119 884 XV:
1136 823 1196 900 12,
1211 819 1272 884 iam
1288 818 1327 884 ab

337 958 462 1043 antiquo
487 955 559 1021 inde
584 961 718 1041 tempore
740 954 930 1041 disputatum
953 959 1008 1018 est.
1057 954 1119 1035 Qui
1142 953 1328 1019 Sadducaeos

337 1090 551 1177 intelligendos
580 1112 643 1155 esse
677 1089 811 1168 ducunt,
834 1102 901 1153 'non
925 1088 1061 1173 cogitant
1083 1088 1215 1152 Paulum
1237 1087 1328 1153 verba

338 1226 434 1291 facere
457 1225 496 1290 ad
517 1247 584 1303 eos,
612 1223 665 1308 qui
688 1222 845 1287 Christum
864 1222 1022 1286 emortuis
1038 1244 1101 1285 esse
1116 1222 1329 1287 resuscitatum

338 1357 515 1438 credebant,
543 1380 586 1422 vs.
614 1359 672 1436 ra;
701 1354 809 1420 exinde
832 1353 915 1418 enim
936 1361 1001 1419 tota
1023 1355 1087 1419 eius
1107 1354 1329 1440 argumentatio

243 1485 246 1490 ’
336 1492 553 1580 proficiscitur,
590 1492 668 1555 hanc
702 1487 883 1553 sententiam
918 1487 1010 1552 etiarn
1047 1511 1065 1552 a
1103 1487 1328 1552 cavillatoribus

336 1625 400 1690 illis
426 1648 490 1691 esse
511 1630 674 1712 acceptam.
720 1622 831 1706 Neque
854 1621 905 1686 hic
928 1621 966 1685 dc
985 1621 1143 1708 Epicureis
1159 1644 1328 1687 sermonem

237 1846 241 1854 Ι
338 1782 416 1839 esse,
447 1781 522 1843 quae
553 1757 701 1822 sententia
722 1779 738 1820 e
759 1756 835 1821 falsa
857 1754 1106 1841 interpretatione
1128 1778 1175 1819 vs.
1200 1758 1240 1819 32
1265 1761 1329 1819 orta

336 1898 400 1973 est,
432 1892 640 1977 unusquisque
674 1889 833 1974 intelligit.
880 1888 945 1953 Alii
980 1888 1135 1968 iudicant,
1162 1911 1211 1953 eos
1235 1888 1328 1975 signi·

336 2026 419 2091 ficari
441 2027 512 2111 qui,
540 2032 576 2089 ut
594 2025 788 2110 Hymenaeus
811 2028 842 2086 et
864 2022 1004 2088 Philetus
1022 2025 1073 2108 1),
1101 2028 1200 2087 totum
1220 2023 1330 2107 dogma

338 2159 497 2245 allegorice
518 2155 727 2244 explicabant,
755 2156 896 2221 docentes
919 2156 1168 2221 resurrectionem
1187 2156 1248 2221 iam
1264 2179 1328 2243 per·

336 2300 434 2359 actam
463 2298 494 2358 et
520 2291 598 2357 nihil
621 2290 705 2355 aliud
732 2313 796 2354 esse
819 2313 910 2376 quam
933 2313 1051 2355 morum
1073 2290 1325 2355 emendationem.

338 2425 397 2491 Oui
432 2424 598 2491 sententiae
631 2430 667 2488 ut
698 2424 868 2503 faveamus,
895 2425 981 2489 nulla
1003 2447 1107 2488 caussa
1129 2430 1174 2488 est
1199 2424 1234 2488 in
1260 2430 1325 2488 tota

337 2558 427 2624 Pauli
455 2557 659 2645 disputatione
682 2556 756 2645 Cap.
782 2559 834 2622 15.
880 2556 968 2622 Licet
991 2563 1093 2621 autem
1116 2563 1251 2637 constet,
1274 2558 1328 2622 hos

338 2692 525 2758 cavillatores
554 2714 652 2778 neque
686 2692 890 2771 Sadducaeos,
922 2713 1020 2787 neque
1041 2692 1205 2778 Epicureos
1231 2714 1329 2776 neque

337 2825 514 2911 allegoricae
554 2826 813 2914 interpretationis
854 2826 984 2890 fautores
1024 2825 1134 2906 fuisse,
1175 2825 1329 2891 difficilius

337 2966 438 3026 tamen
468 2960 552 3025 dictu
582 2960 721 3041 videtur,
745 2961 870 3046 quinam
892 2961 916 3025 ii
939 2961 1062 3028 fuerint.
1108 2961 1329 3063 Sane'fuerunt

337 3093 520 3172 Christiani,
543 3100 579 3158 ut
601 3101 723 3182 apparet
746 3118 763 3159 e
782 3094 881 3159 verbis
905 3098 939 3161 ἐν
962 3097 1038 3180 ὑμῖν
1063 3119 1107 3159 vs.
1134 3099 1193 3176 12,
1212 3118 1229 3160 e
1247 3095 1328 3160 Gen-

338 3226 421 3292 tibus
459 3229 597 3307 oriundi,
633 3229 685 3293 sed
722 3235 825 3293 utrum
859 3228 1031 3316 philosophi
1065 3229 1179 3294 fuerint
1186 3279 1196 3308 ‚
1232 3228 1330 3313 quod,
1409 3266 1410 3269 ¹
1501 3260 1502 3263 ¹

336 3360 437 3424 iudice
466 3361 599 3440 Wetti0,
632 3384 648 3425 e
679 3362 817 3448 populari
852 3363 941 3426 Pauli
972 3363 1151 3427 refutatione
1183 3385 1245 3427 non
1268 3363 1327 3426 effi-

338 3515 435 3574 ceres,
463 3493 540 3557 mihi
563 3516 624 3557 non
647 3500 764 3559 constat
781 3497 824 3579 2).
870 3496 1076 3570 'Aedemone
1100 3499 1223 3581 νεκρῶν
1247 3494 1328 3581 apud

376 3775 405 3849 1)
426 3772 587 3833 Occurrunt
618 3773 756 3832 formulae
788 3782 932 3843 ἀνάστασις
958 3789 1069 3856 νεκρῶν,
1104 3784 1119 3842 ἡ
1144 3783 1187 3837 ἀν.
1211 3789 1262 3836 τῶν
1284 3804 1328 3849 ν.,

332 3887 347 3946 ἡ
379 3884 552 3952 ἐξανάστασις
571 3892 621 3940 τῶν
644 3909 668 3942 ν,
705 3881 790 3956 (Phil.
814 3885 830 3939 3
853 3908 860 3941 ε
883 3884 930 3946 ll,
958 3887 989 3940 Α,
1011 3881 1047 3941 D.
1067 3883 1100 3942 E.
1122 3882 1156 3941 al.
1176 3889 1223 3948 τὴν
1242 3889 1270 3944 ἐκ
1289 3883 1329 3963 a.)

294 4019 295 4024 κ
377 3988 405 4060 2)
428 3984 633 4063 Quaesiverunt
654 3987 688 4050 V.
710 3988 743 4047 D.
766 3989 802 4048 ed
824 4009 974 4068 quamnam
997 3997 1116 4060 sectam,
1138 3990 1205 4068 Cap.
1225 3992 1240 4047 1
1264 4017 1271 4049 ι
1291 3993 1328 4049 12

331 4099 531 4164 memoratam,
554 4094 597 4153 illi
611 4086 789 4156 cavillatores
801 4098 997 4176 pertinuerint.
1018 4097 1060 4155 De
1072 4098 1180 4177 Meyeri
1192 4099 1331 4156 sententia

334 4199 447 4259 fuerunt
474 4220 509 4259 ex
529 4202 581 4272 iis,
605 4202 654 4281 qui
673 4203 708 4261 ab
729 4205 834 4281 Apollo
856 4223 958 4262 nomen
981 4204 1122 4282 gerebant.
1165 4204 1222 4262 Sed
1247 4205 1329 4263 nobis

334 4306 446 4367 videtur
472 4315 669 4386 argumentum
689 4311 779 4369 nostri
800 4290 899 4389 capitis
921 4332 985 4372 cum
1007 4312 1106 4372 litibus
1130 4311 1197 4395 Gap.
1222 4315 1238 4371 l
1261 4339 1268 4373 ε
1293 4316 1329 4374 12

335 4414 407 4478 nihil
425 4434 573 4479 commuue
595 4418 706 4484 habere.
