3025 5275
701 669 741 734 91

226 863 356 944 Gentes,
379 862 573 951 impleretur,
597 861 650 928 sed
667 862 838 929 tollendum
857 862 941 950 prius
952 868 1016 929 erat
1025 867 1213 950 μεσότοιχον

234 1003 288 1063 τοῦ
313 1002 461 1083 φραγμοῦ
487 997 551 1081 (cfr.
575 996 654 1084 Epir.
678 997 714 1062 Π
741 1025 748 1062 t
776 998 840 1082 14).

269 1130 378 1214 Itaque
417 1129 525 1209 homo,
566 1129 620 1213 qui
664 1127 721 1194 sub
755 1130 823 1216 lege
857 1130 967 1195 frustra
1002 1130 1213 1214 deaurandam

227 1263 393 1350 quaesivit,
417 1270 452 1327 ut
473 1262 532 1328 fide
554 1285 676 1350 compos
698 1263 796 1351 ipsius
818 1265 918 1343 fieret,
942 1264 1076 1351 primum
1098 1287 1115 1327 a
1136 1262 1215 1347 legis

225 1393 297 1480 iugo
327 1398 390 1459 erat
419 1393 604 1459 liberandus.
650 1394 724 1459 Non
756 1417 873 1482 semper
894 1395 1068 1482 paedagogo
1090 1393 1213 1481 egebat,

224 1526 305 1591 haud
327 1526 424 1613 magis
443 1549 533 1612 quam
560 1527 717 1614 impubes,
745 1528 816 1612 qui,
836 1532 925 1593 antea
951 1526 1104 1592 tutoribus
1119 1549 1213 1606 usus,

225 1682 315 1745 quam
338 1661 472 1747 primum
494 1661 533 1726 ad
555 1660 763 1725 maturitatem
786 1662 940 1747 pervenit,
957 1661 997 1726 iis
1008 1682 1069 1727 non
1085 1660 1215 1747 amplius

225 1791 363 1880 indiget,
387 1793 440 1859 sed
460 1793 653 1859 heriditatem
675 1793 740 1881 ipse
763 1793 837 1860 adit.

268 1929 351 1995 Deus
358 1979 368 2010 ,
404 1927 458 2014 qui
491 1927 561 1993 fidei
595 1933 699 1993 auctor
729 1933 775 1993 est
797 1928 831 1993 in
853 1928 992 2011 homine,
1017 1929 1215 2017 impedimen·

224 2069 309 2144 turn,
343 2063 424 2149 qnod
453 2085 522 2128 eum
549 2062 587 2128 ab
613 2063 671 2128 hae
692 2061 751 2128 fide
775 2063 945 2144 avertebat,
970 2064 1112 2145 sustulit,
1135 2063 1215 2129 Filio

225 2219 278 2261 suo
308 2196 475 2278 mittendo,
499 2202 570 2262 nato
593 2195 649 2261 sub
672 2196 740 2283 lege
765 2198 846 2283 (Gal.
870 2197 918 2263 IV
942 2226 949 2263 ε
974 2198 1025 2283 4),
1050 2199 1214 2283 γενομένῳ

223 2333 304 2416 ὑπὲρ
334 2333 425 2417 ἡμῶν
458 2337 585 2416 κατάρα
619 2330 699 2419 (Gal.
730 2332 784 2397 HI
809 2360 816 2397 ε
843 2335 916 2419 13),
950 2335 1008 2400 ίαα
1043 2335 1118 2409 τούς
1151 2336 1214 2399 ὑπὸ

225 2471 324 2548 νόμον
366 2464 565 2550 ἐξαγοράσῃ,
601 2464 660 2530 ἵνα
693 2471 752 2549 τὴν
790 2468 962 2534 υἱοθεσίαν
998 2464 1214 2555 ἀπολάβωμεν

225 2602 305 2689 (Gal.
340 2601 388 2667 IV
424 2629 431 2667 ε
468 2603 519 2688 5),
565 2603 623 2669 ἵνα
658 2606 703 2681 εἷς
740 2607 780 2668 τοί
817 2605 902 2689 ἔθνη
936 2612 957 2690 ἡ
991 2602 1124 2686 εὐλογία
1152 2607 1214 2687 ντοῦ

224 2738 384 2826 Ἀβραὰμ
412 2736 547 2821 γένηται
571 2739 607 2802 ἐν
631 2741 766 2822 Χριστῷ
792 2737 922 2821 Ἰησοῦ,
950 2739 1008 2804 ῗγα
1033 2744 1092 2822 τὴν
1117 2741 1214 2819 ἐπαγ-

224 2870 339 2955 γελίαν
383 2875 439 2936 τοῦ
482 2873 666 2954 παεείματος
710 2867 858 2957 λάβωμεν
900 2869 954 2936 διὰ
989 2878 1044 2955 τῆς
1078 2873 1214 2948 πίστεως

227 3005 307 3092 (Gal.
324 3005 378 3070 ΙΠ
396 3032 403 3071 :
421 3006 486 3090 14).
525 3003 572 3068 De
592 3002 724 3090 singulis
742 3002 828 3068 hisce
848 3004 995 3069 nonnulla
1013 3003 1215 3069 monebimus.

269 3137 393 3204 Dicitur
422 3136 563 3202 Christus
593 3141 765 3222 γενόμενος
788 3140 851 3202 ὑπὸ
877 3142 996 3220 arduom·
1021 3142 1056 3200 ut
1077 3135 1215 3201 homines

216 3295 241 3337 a
268 3271 346 3359 legis
380 3272 453 3357 iugo
483 3270 641 3351 liberaret,
675 3269 742 3357 ipse
776 3275 882 3357 utpote
911 3269 1043 3335 Iudaeus
1064 3268 1121 3334 sub
1146 3269 1215 3356 lege

224 3407 307 3471 nasci
339 3404 478 3471 debebat.
535 3405 630 3469 Erant
662 3426 767 3469 omnes
800 3403 907 3469 Iudaei
944 3408 1007 3470 ὑπὸ
1046 3409 1213 3489 catapan:

224 3562 312 3604 nemo
347 3538 429 3603 enim
463 3535 605 3601 omnibus
632 3536 711 3623 legis
733 3537 901 3624 praeceptis
924 3535 1144 3621 obsequebatur
1166 3542 1213 3617 et,

224 3696 261 3738 ex
293 3672 360 3769 ipsa
393 3672 478 3756 lege,
510 3670 564 3756 qui
599 3692 661 3735 non
694 3671 744 3736 his
778 3670 919 3736 omnibus
945 3670 1124 3751 obediebat,
1152 3678 1216 3735 erat

223 3810 472 3890 ἐπικατάρατος.
498 3802 641 3869 Christus
664 3826 719 3868 nos
743 3806 937 3890 ἐξηγόρασεν
955 3808 989 3869 ἐκ
1004 3812 1058 3887 τῆς
1071 3814 1214 3890 κατάρας

223 3944 280 4005 τοῦ
322 3944 441 4023 νόμον,
482 3961 501 4002 a
534 3938 613 4024 legis
652 3938 872 4019 exsecratione,
907 3960 967 4023 qua
1007 3939 1215 4023 unusquisque

224 4069 432 4157 premebatur,
456 4069 493 4135 ab
522 4071 588 4135 eius
611 4072 861 4138 condemnatione
885 4076 967 4159 (nam
989 4080 1052 4138 erat
1073 4074 1122 4139 lex
1145 4073 1215 4139 δια·

225 4206 321 4269 nocta
351 4211 408 4285 τῆς
440 4206 660 4288 κατακρίσεως
694 4207 712 4268 2
738 4202 807 4269 Cor.
831 4205 886 4270 ΙΠ
909 4233 916 4270 :
943 4208 974 4290 9)
999 4204 1139 4270 Christus
1161 4227 1215 4272 nos

154 4342 158 4346 “
225 4336 383 4415 liberavit,
408 4342 439 4401 et
462 4335 586 4421 quidem
609 4358 643 4401 eo
667 4336 749 4422 quod
771 4337 837 4424 ipse
855 4338 951 4403 factus
967 4344 1013 4403 est
1026 4341 1106 4424 ὑπὲρ
1123 4342 1213 4424 ἡμῶν

226 4479 365 4557 κατάρα.
413 4470 544 4539 Plurimi
577 4471 774 4563 interpretes,
806 4472 878 4541 inde
899 4497 916 4541 a
937 4474 1160 4542 deformatione
1180 4474 1214 4540 in
