3025 5275
768 654 832 720 104

305 851 339 917 δι’
365 856 423 933 τὴν
447 854 564 915 ἑαυτοῦ
588 849 719 933 ἀγάπην
744 852 788 924 εἷς
811 855 893 934 ἡμᾶς
918 852 936 913 ό
960 851 1038 924 Θεὸς
1062 847 1291 934 (Rom.V:8);

306 984 367 1050 iam
392 982 480 1048 nobis
501 1005 676 1069 persuasum
699 990 745 1048 est
768 981 805 1047 ab
827 983 885 1047 hoc
908 1005 1006 1047 amore
1028 983 1086 1047 Dei
1112 983 1147 1046 in
1173 982 1294 1048 Ohnisto

304 1121 403 1205 neque
424 1124 552 1184 mortem
573 1140 671 1203 neque
693 1116 808 1195 vitam,
831 1138 929 1201 neque
953 1115 1070 1200 aliquid
1091 1115 1125 1180 in
1148 1116 1232 1181 coelo
1245 1115 1293 1180 vel

304 1253 339 1317 in
359 1257 438 1317 terra
459 1273 515 1315 nos
537 1272 623 1337 posse
647 1271 782 1337 separare
806 1247 846 1337 (V
848 1249 902 1314 HI
927 1276 933 1313 :
961 1250 1024 1327 38,
1049 1250 1115 1334 39).
1162 1248 1203 1313 Et
1225 1270 1294 1313 cum

304 1387 361 1452 hoc
390 1385 449 1451 Dei
478 1407 578 1450 amore
601 1383 716 1450 Christi
739 1405 821 1448 amor
844 1389 925 1448 arcte
949 1383 1129 1448 coniunctus
1151 1389 1215 1463 est,
1240 1382 1293 1469 qui

303 1525 441 1585 mortuus
469 1524 516 1582 est
536 1520 617 1602 ὑπὲρ
641 1518 791 1602 ἀσεβῶν,
814 1538 910 1603 quum
933 1516 985 1580 vix
1007 1516 1118 1601 aliquis
1139 1516 1294 1581 invenitur

302 1652 356 1737 qui
383 1656 509 1715 mortem
537 1647 626 1713 obest
659 1651 738 1731 ὑπὲρ
775 1647 906 1714 δικαίου
932 1648 1031 1737 (Rem.
1055 1651 1121 1716 VII
1145 1677 1151 1715 ι
1179 1654 1217 1730 6,
1244 1652 1292 1735 7);

302 1783 421 1848 etiamsi
453 1781 549 1867 igilur
584 1779 675 1845 variis
709 1778 893 1846 cruciatibus
927 1782 1113 1867 affligimur,
1146 1782 1227 1848 nihil
1255 1781 1293 1847 ab

302 1917 394 1983 huius
417 1916 540 1981 scutale
563 1937 617 1979 nos
640 1935 726 2000 posse
750 1935 884 2000 separare
908 1914 1086 1981 confidimus
1111 1915 1205 2000 (VHI
1218 1944 1225 1980 ι
1240 1918 1292 1982 35.

301 2051 363 2116 Ofr.
398 2050 467 2115 Gal.
503 2050 539 2114 H
574 2075 581 2112 :
615 2048 680 2131 20).
727 2045 809 2111 Talis
831 2069 913 2112 amor
936 2072 991 2114 nos
1014 2050 1142 2136 συνέχει
1168 2051 1200 2135 (2
1224 2048 1291 2115 Cor.

303 2186 360 2249 V:
386 2187 458 2268 14),
493 2182 530 2247 ab
564 2180 646 2246 omni
682 2181 839 2246 melones
866 2180 1018 2261 detrahit,
1043 2181 1081 2247 ad
1102 2180 1217 2247 bonum
1240 2205 1294 2247 nos

304 2317 446 2405 impellit.

348 2446 488 2513 Christus
510 2453 556 2511 cst
589 2468 677 2511 verus
713 2467 811 2529 agnus
833 2445 982 2531 paschalis
1007 2448 1037 2530 (1
1063 2445 1130 2511 Cor.
1153 2446 1183 2507 V
1207 2475 1215 2512 :
1243 2448 1292 2531 7);

304 2580 395 2646 sicuti
428 2579 585 2648 Israelitse
630 2580 705 2666 agni
748 2579 913 2666 sanguiue,
947 2578 1085 2668 postibus
1121 2579 1223 2660 sllitc,
1255 2578 1293 2646 ab

303 2713 420 2780 excidio
453 2712 573 2780 liberati
611 2720 703 2793 sunt,
743 2713 787 2778 sic
822 2735 877 2779 nos
913 2713 1028 2779 chisti
1061 2721 1157 2780 morte
1193 2737 1292 2781 veram

304 2848 431 2913 sulutem
452 2847 652 2936 accipiemus,
681 2846 864 2927 dummodo,
889 2846 947 2912 fide
970 2870 1040 2912 cum
1064 2869 1098 2912 eo
1120 2848 1292 2927 coniuncti,

306 2981 401 3046 vitam
440 2987 572 3046 nostram
606 2981 671 3049 Deo
704 2979 850 3045 dicemus.
911 2979 1010 3061 llum,
1045 2980 1099 3067 qui
1137 2988 1293 3068 peccatum

303 3139 365 3181 non
399 3116 555 3201 cognovit,
589 3137 645 3180 nec
679 3115 774 3180 ullius
807 3117 925 3203 peccati
956 3116 1015 3182 sibi
1045 3117 1182 3182 conscius
1212 3123 1292 3197 ersi,

302 3247 387 3312 Deus
417 3252 574 3334 pmcetum
602 3246 675 3311 fecit
699 3248 731 3331 (2
755 3246 823 3312 Con.
847 3247 875 3310 V
901 3276 907 3312 :
934 3251 1005 3333 21),
1028 3249 1050 3313 i.
1075 3271 1102 3314 e.
1125 3272 1196 3314 eum
1218 3257 1293 3315 tam·

305 3403 397 3464 quam
428 3380 675 3445 scelestissimum
703 3387 889 3467 peccatorem
919 3384 1001 3446 cruci
1023 3383 1105 3470 effigi
1127 3382 1235 3463 iussit,
1259 3390 1294 3449 ut

304 3535 359 3577 uos
381 3512 415 3576 in
437 3534 489 3592 eo,
512 3512 546 3575 in
570 3511 782 3577 communione
804 3513 869 3578 eius
892 3536 978 3578 verse
992 3515 1128 3580 iustiliae
1144 3522 1294 3602 compotes

303 3646 456 3724 fieremus,
481 3667 571 3730 quam
594 3667 630 3708 ex
653 3644 720 3731 lege
743 3668 832 3712 nemo
855 3648 997 3731 consequi
1019 3654 1152 3733 peterat3
1181 3653 1209 3713 sl
1232 3663 1292 3733 γὰρ

306 3780 361 3846 διὰ
385 3783 486 3863 νόμον
509 3777 717 3862 δικαιοσύνη,
732 3784 798 3864 ἄρα
815 3783 957 3865 Χριστὸς
974 3780 1096 3867 δωρεὰν
1110 3782 1293 3860 ἀπέθανεν,

306 3918 372 3975 tum
395 3910 459 3975 eius
477 3933 557 3975 mons
578 3910 658 3975 nihil
682 3910 829 3976 effecisset
843 3911 924 3997 (Gal.
938 3913 993 3977 H:
1009 3916 1074 3998 21).
1099 3914 1167 3978 Hoc
1178 3912 1294 3978 Christi

306 4040 412 4105 mortis
444 4039 605 4103 consilium
637 4040 698 4104 fuit
730 4046 767 4104 ut
799 4065 818 4105 a
851 4043 996 4127 peccandi
1032 4043 1199 4130 principio,
1235 4067 1295 4129 quo

307 4195 410 4236 omnes
439 4179 524 4236 erant
544 4171 675 4253 imbuti,
699 4172 837 4259 hemines
859 4173 1000 4240 liberaret
1023 4178 1119 4260 (ὅπως
1144 4176 1294 4261 ἐξέληται

306 4314 389 4390 ἡμᾶς
421 4310 455 4371 ἐκ
487 4314 542 4399 fosi
567 4310 739 4383 ἐνεστῶτος
763 4312 883 4386 αι’ὡνος
907 4315 1050 4394 πονηροῦ
1074 4309 1143 4375 Gal.
1168 4311 1185 4375 I
1210 4338 1216 4376 :
1241 4314 1294 4396 4),

306 4439 351 4503 ita
385 4446 437 4519 ut,
475 4461 545 4504 cum
579 4462 614 4504 eo
647 4448 770 4528 peccate
804 4442 972 4523 demortui,
994 4464 1056 4507 non
1078 4444 1209 4531 amplius
1233 4443 1294 4511 sibi
