3025 5275
672 686 734 751 101

252 877 311 944 His
343 878 441 965 igitur
476 878 702 966 impedimentis
729 878 875 960 sublatis,
899 880 1047 965 quomodo
1070 904 1086 947 e
1109 881 1197 947 Pauli

208 1012 344 1078 doctrina
367 1012 507 1078 Christus
528 1013 646 1079 homini
669 1013 739 1079 fidei
762 1019 865 1080 auctor
888 1014 1031 1079 exstitit?

251 1146 296 1210 Ut
324 1146 363 1211 ad
393 1146 484 1212 fidem
514 1146 549 1211 iu
571 1146 636 1211 Deo
658 1144 827 1212 habendam
851 1148 1077 1234 perveniamus,
1100 1148 1197 1232 requi·

206 1279 289 1352 ritus¹
317 1289 338 1365 ή
373 1284 481 1360 πίστις
516 1285 561 1357 εἷς
596 1287 742 1367 Χριστὸν
779 1282 930 1366 Ἰησοῦν;
967 1288 1012 1346 est
1034 1283 1108 1347 haec
1130 1280 1196 1361 via,

206 1436 283 1497 quae
303 1413 342 1479 ad
362 1414 449 1479 illam
473 1414 559 1479 ducit
583 1414 663 1499 (Gal.
687 1415 724 1479 II
749 1442 755 1478 :
782 1417 847 1500 16).
894 1416 1003 1500 Itaque
1025 1417 1196 1501 quaeritur,

206 1570 352 1633 quaenam
374 1550 459 1613 notio
481 1549 523 1613 sit
544 1548 706 1614 tribuenda
727 1548 798 1614 fidei
823 1554 867 1627 εἷς
890 1559 954 1635 Χρ.
981 1559 1009 1617 Ι.

251 1680 337 1746 Sicut
358 1682 474 1747 indicat
497 1683 679 1770 praepositio
702 1688 747 1758 εἷς
774 1683 877 1768 (semel
900 1684 1031 1749 occurrit
1052 1687 1197 1770 ἤπίστις

206 1818 288 1900 πρὸν
321 1819 378 1882 τὸν
414 1821 538 1899 Κύριον
575 1817 705 1902 Ἰησοῦν
737 1816 869 1882 Philem.
894 1820 946 1902 5),
974 1817 1047 1883 haec
1069 1818 1197 1886 formida
1301 1803 1307 1810 ι

207 1946 319 2013 dicitur
342 1948 379 2014 de
401 1970 454 2029 eo,
478 1950 565 2014 cuius
587 1972 672 2015 mens
696 1956 727 2015 et
750 1951 870 2016 animus
883 1956 914 2015 et
924 1956 989 2016 tota
997 1952 1122 2017 omnino
1134 1953 1196 2018 vita

206 2081 245 2145 ad
278 2061 414 2147 normam
447 2081 561 2148 Christi
596 2084 756 2169 dirigitur,
793 2084 846 2169 qui
880 2085 908 2149 ei
942 2107 973 2148 se
994 2084 1088 2149 tradit
1113 2108 1195 2151 eum·

207 2237 266 2301 que
291 2216 403 2304 accipit
427 2216 690 2303 (quemadmodum
713 2217 779 2304 ipse
802 2217 916 2282 Paulus
937 2217 1024 2282 illam
1047 2218 1194 2305 explicat:

206 2349 410 2437 παραλάβειν
447 2354 503 2417 τὸν
539 2354 686 2438 Χριστὸν
723 2351 854 2442 Ἰησοῦη
889 2354 946 2417 τόν
983 2356 1094 2438 κόριον
1129 2352 1195 2419 Col.

205 2482 242 2548 Π
277 2511 284 2549 z
320 2486 351 2569 6)
394 2489 548 2568 tamquam
591 2483 750 2548 Christum
784 2482 1010 2569 Dominumque
1043 2507 1133 2552 suum
1166 2493 1197 2551 et

206 2615 402 2684 Servatorem.

250 2750 374 2816 Summa
397 2751 477 2815 inter
498 2756 662 2836 utrumque
685 2749 791 2815 existit
812 2750 1019 2833 necessitud03
1048 2753 1196 2819 esthemo

206 2888 351 2968 Χριστοῦ
388 2883 486 2967 (Rom.
519 2882 634 2947 VIII:
660 2886 698 2962 9,
734 2881 846 2947 1011.
871 2882 932 2949 XV
957 2910 963 2947 :
989 2886 1047 2964 23,
1084 2884 1194 2951 2001.

204 3013 267 3079 X:
295 3016 330 3093 7,
361 3014 431 3080 Gal.
454 3014 490 3079 H
515 3042 522 3079 ε
548 3016 621 3100 29),
655 3019 739 3079 totus
772 3014 811 3079 ad
841 3037 911 3079 eum
942 3016 1090 3102 pertinet,
1125 3040 1195 3083 eum

206 3148 378 3215 ἐνεδύσατο
405 3147 486 3236 (Gal.
510 3147 564 3212 HI
588 3175 595 3211 :
621 3150 681 3226 27,
705 3147 759 3212 cfr.
785 3148 873 3212 Rom.
896 3148 983 3215 XIH
1007 3175 1013 3214 :
1038 3151 1109 3234 14),
1132 3171 1194 3214 non

205 3282 336 3369 amplius
370 3280 429 3346 sibi
458 3281 518 3369 ipsi
541 3281 635 3360 vivit,
660 3279 712 3346 sed
734 3280 875 3345 Christus
898 3282 977 3346 vivit
998 3283 1032 3348 in
1054 3306 1088 3347 eo
1113 3283 1193 3368 (Gal.

205 3416 241 3481 H
272 3443 279 3481 ε
313 3418 385 3502 20),
416 3421 452 3479 ut
484 3415 589 3502 paucis
624 3414 824 3501 complectar,
859 3413 974 3480 Christi
1008 3416 1118 3503 spiritu
1150 3422 1196 3481 est

204 3546 341 3612 imbutus
384 3548 481 3632 (Rom.
523 3546 606 3611 VIII
642 3573 649 3609 z
687 3547 730 3630 9).
790 3546 890 3627 Quam
924 3547 987 3611 vim
1021 3547 1195 3612 huiusmodi

204 3679 394 3745 necessitudo
415 3677 540 3759 haheat,
564 3677 718 3743 neminem
741 3644 843 3763 sugit:
880 3677 1091 3763 quodcumque
1113 3679 1192 3744 enim

204 3820 342 3901 parentes
365 3814 399 3878 in
420 3812 603 3892 liberorum,
627 3812 661 3876 in
684 3812 848 3876 amicorum
866 3811 973 3892 amici,
990 3817 1195 3900 praeceptores

204 3948 238 4012 in
261 3947 479 4034 discipulorum
500 3945 694 4012 institutione
714 3945 828 4010 efficere
844 3952 988 4032 possunt,
1004 3946 1090 4010 nullo
1105 3946 1195 4013 modo

204 4079 239 4143 id
268 4079 433 4165 comparari
462 4085 562 4165 potest
593 4100 663 4142 cum
693 4077 810 4142 Christi
843 4079 968 4165 spiritus
989 4079 1023 4143 in
1047 4079 1112 4143 eius
1134 4101 1195 4144 sec·

205 4212 353 4278 tatoribus
375 4213 559 4278 efficacitate.
607 4211 697 4294 Quod
718 4218 755 4275 ut
778 4218 859 4276 recte
881 4211 1116 4299 perspiciamus,
1145 4233 1194 4277 ex·

204 4346 384 4435 plorandum
407 4353 453 4411 est
476 4345 551 4432 quid
572 4368 589 4410 e
612 4352 715 4411 mente
737 4320 838 4425 Pauli,
859 4350 927 4410 tum
943 4344 976 4409 in
991 4343 1107 4410 Christi
1122 4343 1195 4425 vita,

204 4487 272 4544 tom
302 4499 372 4543 vero
401 4479 436 4546 in
468 4478 533 4544 eius
559 4483 654 4543 morte
684 4484 715 4544 et
737 4477 771 4544 in
794 4476 888 4542 vitam
911 4475 1011 4541 reditu
1034 4475 1113 4545 illud
1135 4477 1193 4559 sit,
