3025 5275
775 683 816 746 38

301 881 556 965 κατ’ἄνθρωπον
597 877 677 963 (Gal.
712 877 767 942 III
801 903 808 942 ι
846 878 1010 961 15-17)ι
1056 876 1160 942 foedus
1198 874 1290 942 semel

299 1012 412 1082 initum
441 1012 521 1076 inter
549 1010 688 1078 homines
720 1031 812 1078 nemo
841 1009 957 1095 rumpit
985 1031 1082 1094 neque
1111 1007 1228 1093 aliquid
1262 1007 1290 1071 ei

300 1144 401 1226 addit3
424 1145 486 1213 iam
508 1165 577 1208 vero
599 1144 649 1210 lex
671 1143 733 1207 lata
755 1147 803 1206 est
825 1144 888 1206 430
915 1142 1003 1208 annis
1018 1149 1087 1229 post
1104 1142 1290 1227 διαθήκην,

300 1300 391 1363 quam
408 1278 492 1342 Deus
515 1300 584 1346 cum
609 1275 782 1342 Abrahamo
804 1275 892 1341 iniit:
916 1275 1020 1360 itaque
1045 1275 1093 1340 lex
1110 1276 1167 1341 hoo
1183 1274 1288 1340 foedus

300 1410 451 1479 infirmare
465 1409 574 1494 nequit
581 1438 590 1489 3
610 1409 772 1477 tamenim
783 1410 942 1496 promissio
953 1410 1016 1474 vim
1028 1433 1113 1477 suam
1126 1410 1289 1475 amitteret.

346 1544 486 1631 Denique
523 1564 618 1627 quum
650 1543 731 1606 inter
764 1542 864 1628 legem
898 1549 928 1606 et
963 1546 1074 1608 πίστιν
1105 1543 1228 1607 nullum
1250 1541 1291 1605 sit

299 1677 467 1756 vinoulum,
476 1676 548 1761 quio
559 1680 577 1741 ό
590 1682 685 1759 νόμος
698 1677 755 1740 οὐκ
770 1677 859 1741 ἔστιν
873 1680 907 1740 ἐκ
923 1678 1058 1750 πίστεως
1071 1675 1151 1761 (Gal.
1160 1676 1289 1760 111212)

301 1816 332 1875 ot
358 1808 525 1876 secundum
548 1809 710 1896 prophetae
736 1808 862 1902 dictum>
879 1807 971 1894 (Hab.
996 1809 1098 1893 1124)
1123 1813 1141 1873 ό
1165 1809 1292 1884 δίκαιος

302 1946 336 2009 ἐκ
361 1944 496 2017 πίστεως
521 1942 649 2024 ζήσεται
670 1942 721 2025 1),
747 1942 803 2026 (vs.
829 1943 889 2020 ll,
914 1943 1001 2006 Rom.
1025 1942 1042 2007 I
1066 1969 1073 2006 :
1099 1944 1153 2028 17)
1175 1947 1292 2008 constat

301 2076 454 2142 neminem
476 2074 532 2139 sub
554 2075 622 2160 lego
643 2074 795 2142 iustitiam
819 2074 962 2158 consequi
985 2097 1081 2162 posse.

348 2230 372 2275 o.
396 2209 539 2278 Vidimus
554 2209 653 2294 legem
663 2209 833 2274 nonfacere
844 2208 998 2274 hominem
1010 2218 1066 2285 τῆς
1080 2209 1291 2294 δικαιοσύνης

302 2342 498 2430 participem,
521 2341 573 2407 sed
595 2341 749 2426 quaeritur
772 2347 876 2406 utrum
897 2364 929 2406 re
952 2364 1022 2406 vera
1043 2344 1100 2408 hoo
1120 2343 1184 2407 sius
1196 2342 1292 2406 oonsi-

305 2475 383 2542 lium
418 2483 505 2540 esset.
561 2475 612 2539 Ad
645 2496 736 2559 quam
769 2474 977 2558 quaestionem
1006 2476 1121 2541 Paulus
1154 2475 1293 2561 negando

303 2609 483 2698 respondet:
507 2613 574 2674 turn
598 2607 680 2673 enim
701 2607 785 2673 Deus
809 2630 898 2672 suum
920 2608 1082 2674 consilium
1097 2631 1158 2675 non
1172 2615 1294 2676 ionium

303 2769 366 2811 non
388 2752 545 2812 assecutus
556 2752 634 2809 esset
641 2774 650 2826 3
664 2744 716 2810 sod
726 2745 829 2831 ipsum
841 2745 1002 2810 consilium
1013 2745 1168 2811 habuisset
1180 2753 1294 2811 contra·

305 2880 385 2946 rium
408 2879 557 2958 effectum,
581 2877 661 2962 quod
671 2878 767 2943 Paulo
778 2877 943 2945 absurdum
957 2880 1077 2945 videtur
1094 2883 1137 2966 2).
1169 2882 1293 2948 Etenim

304 3019 332 3079 εἰ
366 3015 467 3098 ἐδόθη
507 3018 602 3096 νόμος
629 3016 647 3077 ό
670 3013 851 3096 δυνάμενος
877 3014 1092 3097 ζωοποιῆσαι,
1124 3020 1225 3092 ὄντωιι
1249 3021 1292 3082 ἂν

303 3151 337 3213 ἐκ
361 3153 461 3231 νόμον
485 3144 504 3230 ἦ
526 3155 547 3231 η’
570 3147 762 3230 δικαιοσύνη
788 3147 947 3232 (Gal-‚111
973 3175 979 3212 :
1006 3150 1071 3232 21).
1119 3147 1197 3214 Cum
1224 3170 1291 3235 pro-

301 3281 420 3360 missis,
456 3281 548 3345 semel
581 3303 599 3344 a
631 3280 696 3345 Deo
729 3279 903 3345 Abrahamo
937 3281 1034 3361 datis,
1072 3282 1122 3347 lex
1159 3303 1296 3370 pugnare
1339 3261 1343 3269 ’

302 3414 430 3499 nequit:
465 3420 622 3501 propteroa
643 3422 664 3496 η
688 3411 887 3499 κληρονομία
910 3436 972 3478 non
992 3415 1145 3499 estelege
1158 3417 1212 3499 (vs.
1227 3417 1293 3500 18).

347 3547 416 3628 Quo
448 3547 545 3632 igitur
578 3545 704 3610 oonsilio
738 3546 801 3610 lata
836 3553 882 3610 ost
916 3546 991 3612 lex?
1034 3548 1075 3611 Et
1098 3554 1164 3614 τῶν
1189 3576 1293 3635 παρα-

302 3683 425 3766 βάσεων
459 3687 552 3765 χάριν
585 3677 666 3763 (Gal.
694 3677 748 3743 ΙΠ
780 3705 787 3742 :
821 3682 874 3763 19)
908 3686 939 3743 et
968 3682 1027 3745 ἳνα
1059 3678 1222 3769 πλεονάσῃ
1256 3707 1292 3745 το
1362 3682 1366 3689 ’

304 3818 509 3898 παράπτωμα
535 3812 632 3896 (Rom.
656 3811 685 3873 V
711 3839 718 3874 :
745 3812 810 3895 20).

346 3946 393 4011 De
414 3945 513 4033 priore
535 3931 661 4008 corisilio
683 3943 782 4008 variae
805 3949 878 4008 sunt
893 3944 1092 4030 inierpretum
1109 3946 1293 4011 sententiae:

306 4146 478 4156 *ιι-

344 4244 370 4322 1)
389 4243 539 4320 Perporam
568 4242 720 4301 nonnullos
749 4249 777 4305 ἐκ
807 4253 916 4313 πίστιος
943 4244 1123 4303 coniunxisse
1150 4265 1214 4304 oum
1236 4265 1296 4306 roo.

302 4358 315 4414 'o
333 4358 448 4425 δίκαιος,
472 4350 627 4429 probarunt
646 4351 675 4410 in
696 4352 796 4429 pririris
819 4351 1006 4416 Oltramarius
1028 4360 1056 4413 et
1081 4356 1243 4432 Hergelius.

344 4459 371 4549 ά)
393 4459 450 4518 Cir.
473 4465 533 4524 Aoi.
559 4462 595 4519 13
619 4485 627 4518 r
651 4462 696 4525 19.
