3025 5275
774 671 815 735 90

297 860 387 927 ducat
418 862 457 928 ad
489 862 580 930 fidem
613 862 647 928 in
674 862 742 949 ipso
764 862 945 950 ponendam.
992 864 1131 929 Primum
1153 863 1289 930 tollenda

295 1001 367 1061 sunt
399 996 635 1085 impedimenta,
671 1018 748 1082 quae
780 1018 835 1061 nos
871 995 908 1061 ab
931 996 988 1061 hae
1012 997 1070 1062 fide
1093 1002 1235 1063 avertunt
1257 1003 1288 1061 et

295 1128 418 1194 omnino
439 1128 601 1216 prohibent
633 1152 672 1193 ne
704 1128 782 1194 bene
805 1129 987 1194 confidentes
1011 1130 1110 1195 Deum
1133 1136 1287 1216 tamquam

298 1260 420 1327 Patrem
442 1267 581 1327 nostrum
592 1262 743 1328 adeamus,
768 1262 930 1349 Propterea
939 1262 1214 1328 homoliberandus
1226 1268 1289 1327 erat

295 1419 313 1461 a
341 1398 414 1484 iugo
445 1397 541 1483 legis,
565 1420 625 1483 quo
648 1396 746 1463 adhue
759 1394 961 1484 'premebatur
984 1405 1014 1462 et
1038 1420 1055 1461 a
1076 1398 1209 1485 peccatis
1231 1396 1287 1462 sub

294 1530 363 1617 lege
389 1530 527 1618 patratis.

340 1664 495 1746 Quamdiu
517 1665 607 1730 homo
629 1669 693 1729 erat
715 1662 877 1749 sublege,
900 1686 962 1728 non
978 1662 1079 1750 potuit
1100 1663 1165 1729 Deo
1179 1663 1289 1729 habere

294 1773 401 1877 fidem,
437 1820 513 1884 quae
550 1796 685 1862 conditio
719 1803 766 1862 est
800 1820 860 1882 qua
896 1820 932 1862 ex
953 1802 1056 1862 mente
1076 1796 1166 1862 Pauli
1189 1777 1289 1863 eorain

295 1931 360 1997 Deo
392 1932 492 1996 iustus
527 1928 684 1996 habeatur.
732 1930 856 1997 Etenim
888 1934 907 1995 ό
936 1928 1031 2015 νόμος
1058 1930 1115 1996 οὐκ
1139 1932 1228 1999 ἔστιν
1251 1935 1288 1997 ἐκ

295 2067 430 2141 πίστεως
467 2064 547 2150 (Gal.
582 2064 635 2130 ΙΠ
672 2092 678 2130 :
718 2065 791 2150 12),
826 2064 875 2128 lex
909 2086 979 2129 cum
1008 2064 1067 2128 fide
1096 2064 1176 2130 nihil
1197 2063 1289 2131 habet

295 2220 471 2279 commune,
495 2220 615 2284 prorsus
638 2196 675 2262 ab
697 2220 731 2262 ea
750 2196 866 2277 aliena,
879 2198 907 2263 ei
918 2202 1072 2282 tamquam
1084 2198 1221 2284 opposita
1231 2203 1287 2263 est.

339 2331 488 2412 Iudaeus,
523 2330 579 2396 sub
614 2331 683 2417 lege
716 2331 839 2411 vivens,
874 2337 938 2397 erat
961 2336 1117 2417 tamquam
1138 2354 1287 2397 mercena·

294 2464 376 2543 nris,
411 2464 464 2548 qni
497 2464 666 2529 mercedem
700 2463 814 2550 accipit
836 2462 864 2528 ei
887 2462 1030 2528 debitam.
1077 2462 1189 2528 Omnia
1210 2462 1288 2549 legis

294 2603 452 2685 praecepta
472 2597 500 2663 ei
524 2604 609 2663 erant
631 2596 834 2678 observanda,
858 2618 897 2663 ne
919 2619 979 2663 uno
1001 2597 1124 2683 quidem
1146 2602 1286 2684 exeept03

295 2731 486 2814 caeteroquin
520 2737 584 2797 erat
619 2735 873 2818 ἐπικατάρατος.
933 2731 993 2796 His
1022 2738 1124 2796 autem
1145 2712 1286 2797 omnibus

294 2864 485 2953 perficiendis
506 2865 604 2953 impar
626 2871 689 2930 erat
711 2864 940 2949 unusquisque,
963 2864 1013 2929 lex
1036 2886 1105 2930 vero
1122 2864 1288 2930 nullumei

294 2998 443 3064 auxilium
466 2998 622 3086 praebuit,
648 3004 769 3078 contra,
792 2998 931 3082 quamvis
953 2998 1019 3085 ipsa
1046 3003 1165 3078 saneta,
1193 2998 1287 3063 malas

295 3126 453 3218 cupidines
483 3133 518 3198 in
548 3154 582 3198 eo
609 3133 754 3197 excitavit
777 3138 808 3196 et
832 3132 877 3196 ita
899 3155 1003 3196 caussa
1029 3131 1057 3196 ei
1080 3130 1199 3196 exstitit
1220 3153 1287 3217 peo-

295 3265 354 3331 cati
378 3271 408 3330 et
430 3267 546 3332 mortis.
593 3266 634 3332 In
657 3267 714 3331 hae
737 3265 911 3331 conditione
921 3266 1011 3331 homo
1022 3265 1122 3329 Deum
1134 3273 1287 3349 tamquam

293 3399 460 3465 Dominum
501 3423 591 3465 suum
633 3398 693 3464 sibi
734 3399 909 3486 proposuit,
945 3420 1052 3482 quem,
1086 3404 1122 3461 ut
1155 3397 1287 3477 δοῦλος,

293 3532 430 3598 timebat.
488 3531 618 3612 Contra,
650 3534 705 3617 qui
738 3533 830 3598 fidem
863 3532 896 3596 in
929 3533 995 3598 Deo
1018 3531 1124 3618 ponit,
1146 3531 1226 3596 nihil
1249 3530 1286 3596 ab

292 3688 326 3731 eo
348 3667 445 3752 exigit
466 3665 526 3730 sibi
549 3664 703 3746 debitum,
735 3666 789 3730 sed
815 3666 918 3731 omnia
945 3665 1011 3730 eius
1028 3665 1141 3749 gratiae
1158 3663 1286 3744 tribuit3

292 3800 419 3864 salutem
452 3821 515 3863 non
547 3797 666 3884 quaerit
698 3797 733 3861 in
756 3798 924 3884 praeceptis
949 3780 1106 3862 nonnullis
1129 3795 1286 3861 observan-

292 3932 357 4011 dis,
387 3931 440 3996 sed
469 3932 503 3995 in
532 3936 598 3995 tota
622 3937 729 3995 mente
757 3935 788 3994 et
815 3930 917 3995 animo
939 3931 1005 3996 Deo
1026 3929 1184 3996 tradendis
1191 3958 1201 4011 ;
1224 3952 1285 3994 non

291 4086 363 4150 prae
395 4062 504 4127 timore
536 4085 555 4126 a
586 4062 651 4126 Deo
678 4061 886 4141 abalienatur,
923 4061 975 4127 sed
1004 4061 1101 4127 libere
1126 4085 1197 4127 eum
1223 4061 1287 4127 adit

291 4203 446 4280 tamquam
475 4196 557 4260 filius
585 4195 717 4261 Patrem.
766 4196 923 4278 Quamdiu
957 4195 1065 4261 Iudaei
1095 4194 1288 4261 aGentibus

291 4330 359 4414 lege
392 4334 477 4393 erant
509 4329 655 4414 separati,
689 4328 755 4393 fieri
791 4351 853 4394 non
882 4329 985 4415 potuit
1020 4334 1056 4393 ut
1085 4329 1286 4415 promissum,

234 4532 237 4537 ,
291 4459 463 4527 Abrahamo
495 4461 626 4542 factum,
658 4461 739 4548 qnod
764 4484 868 4528 omnes
888 4462 1013 4527 omnino
1032 4461 1287 4553 complectebatur
