3025 5275
809 687 850 752 98

377 883 486 967 Itaque
516 881 671 967 quaeritur
693 880 842 966 quomodo
863 878 1043 945 vocabulum
1068 879 1253 968 ἱλαστήριον
1277 881 1319 947 sit

333 1015 544 1103 explicandum
551 1043 560 1095 3
595 1014 638 1079 N.
671 1013 706 1078 Τ.
740 1013 862 1078 nullum
895 1012 984 1078 nobis
1006 1013 1155 1080 auxilium
1177 1014 1317 1102 praebet,

332 1148 404 1234 quia
436 1155 551 1236 praeter
581 1147 683 1212 locum
716 1146 750 1211 in
779 1146 917 1234 Epistola
948 1146 986 1212 ad
1013 1144 1166 1213 Hebraeos
1190 1147 1319 1213 citatum

331 1301 479 1364 nusquam
501 1277 645 1351 occurrit„

376 1413 432 1477 Est
449 1410 529 1476 illud
547 1410 665 1497 proprie
682 1409 884 1489 adiectirum,
904 1409 955 1474 hic
971 1408 1159 1475 substantive
1173 1411 1317 1498 positum,

329 1544 467 1610 neutrius
485 1544 620 1629 generis,
643 1548 679 1606 ut
700 1541 789 1607 nobis
812 1542 949 1622 videtur,
974 1542 1187 1630 potiusquam
1201 1567 1317 1610 mascu-

329 1679 445 1759 linum,
468 1685 504 1743 ut
527 1677 697 1764 Heugelius
712 1682 818 1763 putat,
834 1677 1040 1743 accusativum
1051 1678 1089 1743 ad
1100 1700 1266 1766 pronomen
1276 1682 1316 1745 ὃν

328 1815 473 1895 referens;
498 1813 650 1878 derivatur
670 1836 688 1877 a
709 1810 800 1876 verbo
824 1811 1032 1892 ἱλάσκεσθαι,
1061 1813 1143 1898 quod
1165 1814 1316 1900 significat

323 1950 493 2036 propitium
514 1967 595 2028 esse,
618 1969 697 2027 uon,
721 1952 756 2010 ut
780 1946 861 2033 apud
884 1913 1043 2034 scriptores
1067 1948 1223 2029 classicos,
1243 1970 1316 2035 pro-

323 2082 437 2167 pitium
469 2080 613 2182 reddere..
650 2079 760 2164 ltaque
785 2077 966 2144 vocabulum
989 2086 1127 2146 nostrum
1150 2082 1314 2149 vertimus:

327 2216 463 2279 medium
485 2213 685 2300 expiationis,
709 2234 769 2297 quo
791 2212 875 2278 Deus
896 2223 1019 2301 peccata
1040 2216 1198 2281 hominum
1221 2216 1313 2301 tegit,

327 2348 445 2435 expiat,
477 2347 625 2413 condonat
655 2349 752 2414 etita
773 2355 907 2414 mentem
934 2371 1019 2413 suam
1043 2348 1220 2415 hominibus
1246 2371 1313 2436 pro·

327 2480 396 2561 bat,
443 2503 624 2566 quamquam
670 2482 887 2547 nonnullorum
936 2481 1145 2569 interpretatio
1190 2482 1314 2547 victima

322 2615 494 2702 piacularis
543 2615 633 2680 etiam
681 2616 806 2681 fortasse
853 2615 924 2681 ferri
972 2620 1081 2703 potest.
1143 2615 1184 2682 Et
1229 2616 1312 2682 Deus

327 2749 440 2814 dicitur
469 2748 626 2815 Christum
648 2748 838 2839 proposuisse
862 2750 1048 2836 ἱλαστήριον
1077 2754 1111 2816 ἐν
1139 2756 1184 2837 τῷ
1210 2751 1312 2817 ἀὐτοῦ

327 2886 466 2967 αἱματιε
501 2883 610 2949 ultima
638 2883 721 2949 enim
750 2884 896 2950 vocabula
922 2906 984 2948 non
1014 2883 1226 2971 coniungenda
1249 2906 1312 2949 esse

326 3038 396 3080 cum
429 3015 484 3081 διὰ
520 3025 574 3099 τῆς
608 3020 743 3094 πίστεως
778 3040 953 3083 censemus:
990 3040 1061 3082 nam
1083 3039 1182 3103 neque
1203 3020 1311 3096 πίστις

326 3157 360 3218 ἐν
396 3151 476 3216 idem
510 3152 661 3238 significat
687 3159 777 3238 atque
801 3155 907 3229 πίστις
932 3157 996 3236 εἷς,
1022 3174 1121 3237 neque
1144 3154 1253 3229 πίστις
1277 3156 1312 3218 ἐν

325 3287 439 3369 αἱματι
481 3283 595 3349 Christi
636 3308 763 3370 usquam
806 3285 953 3365 occmrit,
998 3290 1028 3350 et
1061 3290 1214 3371 praeterea
1246 3290 1313 3349 tum

323 3418 437 3483 Paulus
465 3423 585 3484 tantum
615 3418 778 3484 indicasset
807 3418 955 3504 quomodo
985 3418 1123 3484 homines
1147 3418 1312 3485 subiectiora

323 3575 377 3639 per
409 3551 499 3617 fidem
532 3552 625 3616 huius
658 3560 850 3640 peccatorum
880 3553 984 3618 veniae
1015 3559 1166 3639 compotes
1189 3555 1311 3633 fierent,

323 3704 385 3747 non
418 3705 488 3748 vero
521 3683 670 3766 quomodo
703 3683 783 3748 illud
819 3682 1005 3769 ἱλαστήριον
1030 3683 1173 3750 abiectius
1196 3683 1312 3748 Christi

323 3821 419 3881 morte
440 3817 566 3882 nitatur.
616 3817 620 3824 ’

319 4167 449 4245 splendet
491 4168 650 4238 maiestate,
687 4168 796 4227 ratione
833 4168 920 4239 ritus,
951 4168 1134 4247 adspersione
1166 4168 1312 4246 sanguinis

319 4275 443 4334 hilastioi
474 4275 550 4334 delet
580 4282 694 4353 peccata
725 4274 842 4354 populi,
881 4276 987 4337 ratione
1021 4278 1126 4336 tutelae
1162 4275 1313 4337 adumbrat

319 4403 402 4453 suos,
424 4390 454 4442 ut
474 4384 526 4442 sub
547 4384 607 4443 eius
629 4383 681 4443 alis
703 4384 830 4443 habitent
851 4388 879 4443 et
900 4383 1093 4444 delitescant.”

360 4481 439 4574 Quae
460 4493 554 4552 omnia
574 4493 604 4552 in
626 4492 738 4553 Christo
760 4493 846 4553 etiam
866 4493 964 4553 adesse
984 4498 1089 4555 censet.
