3025 5275
671 681 736 743 lla

208 869 331 935 coelesti
360 871 417 957 (vs.
442 869 513 960 48).
565 870 735 957 Imaginem
758 870 897 936 tuierunt
918 871 1010 959 primi
1032 873 1143 940 Adami
1166 881 1197 939 et

207 1004 344 1090 saepius,
374 1004 520 1093 quamdiu
543 1004 577 1069 in
600 1006 656 1071 hae
678 1006 742 1070 rita
765 1011 854 1087 sunt,
877 1006 1007 1072 humilia
1029 1014 1060 1073 et
1085 1009 1196 1074 caduca
1217 984 1219 988 .

206 1136 304 1222 magis
343 1160 433 1223 quam
467 1138 606 1203 eoelestia
639 1144 803 1225 appetunb3
839 1139 891 1204 sed
925 1140 1048 1206 alterius
1083 1141 1194 1206 Adami

205 1269 373 1355 imaginem
405 1271 523 1350 ferent,
559 1281 591 1335 et
618 1271 657 1338 in
680 1272 787 1358 primis
809 1272 932 1357 quidem
956 1281 1023 1361 post
1046 1241 1194 1355 mortem,

206 1402 327 1486 quando
360 1402 438 1467 nihil
481 1425 530 1467 eos
554 1402 690 1467 detrahet
713 1427 731 1467 a
757 1402 941 1470 sublimibus
963 1412 993 1471 et
1016 1406 1196 1473 coelestibus

206 1536 401 1624 appetendis,
425 1536 477 1602 sed
499 1537 534 1601 in
557 1536 613 1601 hae
636 1559 755 1624 quoque
778 1544 857 1603 terra
882 1541 936 1623 (vs.
962 1542 1027 1625 49).

262 1670 372 1756 Itaque
418 1669 557 1734 Christus
599 1669 695 1734 Paulo
724 1677 770 1735 est
804 1671 880 1737 aber
913 1673 1031 1759 generis
1068 1673 1194 1738 humani

197 1806 330 1888 parens,
354 1801 445 1889 primi
469 1785 602 1889 parentis
626 1803 795 1890 arrtilypus.
821 1805 935 1869 Omnes
953 1806 1018 1870 eius
1037 1812 1195 1871 sectatores

205 1934 360 2000 informari
395 1941 512 2022 oportet
545 1935 583 2000 ad
618 1913 682 1999 eius
715 1936 896 2023 imaginem,
921 1961 1012 2024 quam
1034 1938 1196 2024 aliquando

205 2070 311 2135 ferent.
358 2071 425 2136 Iam
459 2094 528 2136 vero
560 2072 613 2136 ille
643 2073 759 2159 peccati
783 2079 845 2137 erat
868 2072 1030 2152 immunis,
1055 2091 1217 2158 πνευμα-Ι
1261 2144 1262 2147 ¹

208 2213 313 2286 τικός,
338 2206 478 2271 eoelestia
500 2214 659 2293 appetens3
677 2207 727 2272 eui
743 2206 910 2271 arctissime
925 2206 1075 2286 devincti,
1093 2229 1195 2272 omnes

207 2340 337 2404 humilia
363 2362 501 2426 spernere
526 2347 556 2404 et
582 2346 704 2427 peceato
731 2340 846 2405 demoni
873 2338 995 2404 debent.

139 2497 142 2501 ⁴
250 2475 337 2541 Novo
359 2477 417 2541 boe
440 2475 550 2562 spiritu
573 2475 722 2556 imbutos,
745 2476 835 2541 fidem
851 2474 915 2540 Deo
930 2473 1084 2553 habentes,
1102 2473 1194 2552 Deus,

205 2610 301 2697 gratia
335 2631 389 2674 sua
422 2615 453 2673 eb
487 2607 568 2674 salva
602 2630 656 2673 sua
690 2607 786 2695 ipsius
820 2608 955 2689 iustitia,
978 2608 1012 2673 in
1035 2606 1195 2694 proborum

206 2744 341 2810 ordinem
364 2743 462 2808 refert.
