3025 5275
667 711 707 772 99

241 901 502 984 Quemadmodum
532 901 588 967 sub
617 902 656 967 V.
687 902 722 968 Τ.
753 902 912 970 hominum
938 908 1061 990 peccata
1093 901 1181 967 sacri·

194 1032 271 1098 ficiis
307 1032 511 1120 piacularibus
547 1033 743 1120 tegebantur,
778 1035 850 1119 quia
883 1036 1006 1122 sanguis
1041 1034 1180 1102 animalis

194 1165 364 1252 symbolum
397 1174 460 1232 erat
493 1167 573 1233 vitae
605 1167 670 1233 Deo
708 1167 840 1248 dicatae,
876 1168 919 1233 sic
953 1191 1036 1234 nuno
1066 1171 1113 1255 (ἔα
1137 1175 1182 1255 τῷ

196 1265 255 1365 αὖα
280 1302 394 1386 καιρῷ)
412 1304 505 1381 Deus,
521 1300 643 1366 Christo
657 1302 757 1368 medio
773 1301 953 1387 expiationis
972 1301 1181 1389 proponendo,

195 1432 277 1497 salva
307 1456 360 1498 sua
382 1434 478 1521 ipsius
500 1434 618 1500 iustitia
640 1443 762 1522 peccata
785 1458 886 1501 revera
910 1435 1077 1501 condonare
1100 1442 1181 1523 pote·

195 1572 250 1632 rat.
296 1567 436 1632 Christus
470 1568 551 1633 enim
580 1574 675 1634 totam
704 1590 789 1634 suam
811 1568 905 1633 vitam
928 1568 992 1633 Deo
1015 1568 1182 1646 dicaverat,
1290 1617 1293 1626 .

194 1700 259 1763 eius
292 1700 430 1765 voluntas
464 1701 614 1766 coaluerat
649 1724 718 1766 cum
752 1701 811 1766 Dei
845 1702 1001 1785 voluntate
1031 1707 1061 1766 et
1090 1700 1183 1766 huius

194 1834 291 1912 vitae,
322 1833 452 1919 perfecta
484 1834 656 1901 obedientia
679 1834 875 1922 conspicuae,
898 1842 1053 1921 tamquam
1077 1856 1185 1900 corona

195 1974 258 2031 erat
290 1988 369 2031 mors
403 1968 629 2048 cruentissima,
668 1991 759 2053 quam
795 1967 896 2034 subire
929 1991 990 2034 non
1013 1968 1183 2048 dubitavit,

194 2099 266 2185 quia
287 2122 462 2187 persuasum
485 2102 545 2190 ipsi
568 2109 631 2167 erat
654 2102 697 2167 sic
719 2102 797 2168 ferre
818 2103 877 2168 Dei
900 2103 1096 2169 voluntatem.
1123 2072 1185 2184 Qui

194 2232 292 2317 igitur
332 2254 401 2298 oum
441 2257 476 2299 eo
518 2235 685 2300 arctissime
719 2235 911 2322 iunguntur,
960 2259 1021 2301 non
1065 2241 1185 2303 tantum

195 2368 358 2455 symbolice
387 2370 452 2434 Deo
475 2392 507 2433 se
528 2369 670 2448 tradunt,
690 2358 746 2434 ¹sed
769 2391 870 2434 revera
893 2368 988 2434 vitam
1011 2392 1096 2435 suam
1118 2370 1183 2435 Deo

196 2500 295 2566 dicare
328 2501 439 2567 debent
446 2531 455 2583 3
490 2502 554 2567 fieri
589 2525 650 2567 non
683 2509 784 2590 potest
816 2502 892 2587 quin
926 2500 1040 2567 Christi
1074 2501 1185 2592 spiritu

194 2634 370 2702 imbuantur
399 2636 464 2717 illi,
494 2636 548 2723 qui
570 2644 724 2722 tamquam
747 2635 882 2703 membra
905 2660 974 2702 cum
995 2636 1093 2725 capite
1116 2660 1185 2703 cum

195 2793 229 2834 eo
251 2771 414 2836 ‘coniuncti
444 2779 532 2853 suut;
563 2773 713 2838 demortui
746 2773 895 2859 pcccatis,
931 2772 1184 2858 quemadmodum

194 2902 264 2984 ille,
287 2904 351 2969 Deo
374 2927 492 2990 quoque
515 2904 632 2972 viumt.
679 2909 726 2971 Ac
750 2906 823 2970 licet
849 2929 867 2970 a
888 2906 1071 2992 perfectione
1088 2906 1185 2972 adbuc

195 3035 285 3123 longe
315 3036 433 3117 absint,
465 3039 548 3103 Deus
578 3038 706 3126 pristina
733 3061 835 3104 eorum
858 3045 980 3126 peccata
1001 3022 1064 3105 non
1086 3039 1184 3126 impu·

194 3175 256 3250 tat,
283 3172 335 3255 (μὴ
360 3169 567 3255 λογιζόμενος
591 3173 703 3248 αὐτοῖς
727 3176 768 3236 τὰ
791 3176 1044 3259 παραπτώματα
1073 3172 1183 3239 αὐτῶν

196 3307 215 3366 2
246 3301 313 3367 Gor.
344 3304 403 3368 V:
429 3306 483 3390 19)
515 3327 576 3369 non
605 3311 725 3370 tantum
757 3329 791 3370 ea
821 3306 917 3391 tegit,
945 3312 980 3369 ut
1003 3311 1108 3385 antea,
1133 3304 1186 3380 sed

195 3458 228 3500 ea
261 3436 352 3501 etiam
383 3436 549 3502 condonare
578 3437 693 3525 potest,
725 3438 797 3524 quia
818 3438 878 3525 ipsi
910 3446 1030 3504 auctore
1065 3438 1185 3505 Christo
1228 3490 1231 3495 .

194 3592 255 3635 non
287 3575 416 3657 possunt
448 3593 510 3636 non
543 3571 683 3658 progredi
717 3573 750 3637 in
785 3573 898 3637 virtute
930 3578 961 3637 et
992 3572 1114 3638 tendere
1147 3572 1185 3638 ad

195 3702 417 3788 perfectionem.

239 3834 289 3898 Sic
310 3835 394 3900 Deus
419 3858 472 3923 per
490 3835 650 3902 Christum
678 3844 736 3921 τὴν
761 3836 985 3924 ἀπολύτρωσιν
1009 3835 1184 3903 hominibus

75 3946 77 3949 ¹
195 3964 316 4033 obtulit.
362 3968 419 4033 Est
447 3968 520 4033 haec
553 3968 792 4056 uictimarum,
822 3976 859 4035 ut
881 3993 897 4036 e
920 3976 1062 4035 contextu
1078 3972 1109 4056 1)
1133 3993 1183 4056 ap

195 4107 296 4188 paret,
327 4100 467 4167 liberatio
497 4126 514 4167 a
540 4103 688 4190 peccatis,
711 4102 824 4188 quibus
847 4126 949 4170 omnes
972 4102 1184 4198 premebantur

196 4337 381 4347 ———..-.-

235 4495 263 4576 1)
284 4495 339 4557 cfr.
359 4496 476 4575 lupur
491 4504 502 4556 'z
525 4496 555 4566 7,
578 4496 639 4561 ool.
662 4500 677 4555 1
700 4523 707 4556 ι
730 4500 776 4564 14.
