3025 5275
794 658 835 720 34

321 835 523 936 agnitionem,
557 871 617 934 qua
653 871 756 913 omnes
795 871 827 913 se
864 855 1018 935 tamquam
1054 855 1223 937 peccatores
1260 873 1310 936 ag·

320 989 450 1047 noscunt
466 985 508 1068 1).

365 1114 424 1179 Per
464 1115 541 1179 hanc
583 1115 771 1201 ignorantiae
804 1115 839 1179 in
875 1115 937 1180 vita
968 1115 1101 1179 humana
1134 1114 1309 1202 periodum,

321 1271 412 1334 quum
446 1246 659 1334 descripsimus
667 1297 676 1326 ,
712 1250 857 1332 ἁμαρτία
892 1254 938 1311 est
973 1256 1071 1334 νεκρά
1108 1247 1184 1333 (VH
1217 1275 1223 1311 :
1258 1249 1309 1332 8),

265 1363 269 1371 ’
321 1385 455 1458 mortua,
489 1378 572 1443 omni
601 1379 631 1442 vi
666 1378 813 1443 destituta
819 1408 829 1460 3
863 1386 930 1444 tum
961 1386 1098 1475 nonest
1122 1384 1307 1467 παράβασις
1413 1400 1417 1407 ’

324 1513 382 1625 (iV
413 1541 420 1578 :
453 1515 526 1598 15),
558 1512 596 1576 de
626 1512 862 1598 transgressione
885 1535 982 1578 sermo
1004 1535 1069 1577 esse
1092 1514 1215 1597 nequit,
1239 1514 1311 1598 quia

320 1646 458 1711 homines
499 1645 576 1731 legis
616 1644 751 1710 nondum
794 1652 866 1710 sunt
900 1646 1030 1725 conscii,
1071 1648 1216 1732 ἁμαρτία
1251 1647 1309 1713 οὐκ

323 1777 503 1860 ἔλλογεῒται
541 1778 580 1863 (V
612 1805 618 1842 :
651 1781 725 1864 13),
760 1800 943 1863 quamquam
980 1778 1118 1844 homines
1155 1786 1313 1866 peccatum

322 1910 533 1990 committunt,
556 1916 657 1975 tamen
680 1910 737 1975 hoc
760 1910 799 1974 iis
819 1911 964 1998 imputari
987 1913 1104 1997 nequit.

364 2043 505 2108 Nitimur
525 2044 559 2108 in
580 2044 709 2109 vetitum
732 2066 849 2130 semper
871 2043 1071 2131 cupimusque
1093 2051 1221 2130 negata3
1239 2067 1310 2110 cum

320 2177 376 2242 hac
409 2178 527 2263 antiqui
559 2184 663 2265 poetae
693 2179 843 2243 sententia
871 2180 1012 2244 convenit
1037 2178 1141 2244 Pauli.
1155 2177 1310 2258 doctrina,

321 2311 479 2377 hominum
501 2311 685 2397 experientia
712 2313 896 2377 confirmata.

364 2445 485 2509 Peccati
514 2445 698 2510 conscientia
726 2446 760 2509 in
790 2446 912 2511 homine
941 2443 1070 2509 excitata
1093 2450 1155 2524 est,
1181 2445 1308 2509 cessarit

320 2577 492 2664 ignorantia
514 2600 633 2658 eorum,
657 2599 733 2664 quaa
754 2578 804 2644 lex
820 2576 905 2642 iubet
920 2582 1071 2664 vetatque.
1105 2577 1188 2661 Quid
1203 2578 1307 2643 nunc?

320 2711 463 2776 Exoritur
484 2713 641 2799 puguassin
662 2712 786 2777 homine
809 2712 889 2777 inter
911 2711 971 2776 duo
985 2711 1040 2776 illa
1055 2712 1220 2799 principia,
1237 2735 1313 2798 quae

321 2843 380 2908 sibi
395 2846 532 2931 opposita
547 2851 618 2909 sunt
626 2895 635 2924 ,
652 2847 763 2931 ήσὰρξ
781 2849 938 2929 ἐπιθυμεῖ
949 2850 1033 2910 κατὰ
1047 2853 1102 2911 τοῦ
1116 2852 1310 2932 πνεύματος,

321 2982 356 3043 τὸ
388 2977 422 3046 δὲ
457 2988 582 3061 πνεῦμα
614 2981 698 3042 κατὰ
723 2987 779 3060 τῆς
803 2983 918 3063 σαρκός
947 2978 1027 3063 (Gal.
1050 2978 1079 3040 V
1104 2982 1206 3065 217).
1252 2978 1311 3044 Sed
1354 2971 1358 2977 ’
1416 3067 1421 3074 ⁴

319 3110 393 3174 haec
415 3133 518 3196 pugna
541 3116 586 3173 est
608 3110 733 3193 iniqua:
772 3112 849 3192 σάρξ
859 3162 867 3188 ,
893 3111 926 3174 in
942 3133 1001 3196 qua
1016 3116 1192 3199 ήάμαρτία
1209 3112 1310 3178 sedem

321 3264 405 3307 suam
440 3243 614 3323 collocavit,
649 3241 738 3307 facilc
772 3248 931 3327 πνεύματι
968 3245 1100 3325 resistit,
1135 3268 1232 3332 quum
1253 3246 1310 3310 hoc

320 3374 455 3440 nondum
486 3383 531 3441 est
562 3384 791 3462 regeneratum:
828 3378 940 3443 etenim
972 3399 1088 3464 semper
1110 3383 1240 3465 πρῶτον
1265 3385 1311 3443 cst

322 3512 357 3572 τὸ
382 3512 525 3595 ψυχικὸν
536 3560 546 3591 ,
572 3510 686 3575 ἔπειτα
710 3516 746 3574 τὸ
771 3516 993 3594 πνευματικόν
1018 3511 1047 3594 (1
1062 3509 1129 3576 Cor.
1145 3512 1226 3577 XV:
1241 3514 1307 3598 56).

320 3639 505 3725 Eloquenter
537 3641 651 3705 Paulus
683 3642 760 3706 hanc
794 3664 928 3728 pugnam
961 3641 995 3740 in
1031 3664 1084 3706 sua
1109 3617 1216 3729 ⁸ipsius
1246 3644 1309 3709 vita

321 3773 497 3861 descripsit,
521 3779 683 3859 antequam
705 3775 743 3840 ad
766 3775 921 3840 Christum
943 3776 1082 3862 pervenit
1107 3777 1204 3861 (Rom.
1225 3776 1313 3841 VII:

315 3908 522 3993 ·l5-finem).

362 4221 389 4303 l)
410 4222 561 4300 Quomodo
594 4223 660 4281 hacc
691 4223 774 4281 verba
794 4243 858 4282 cunr
879 4223 1111 4301 praecedentibus
1132 4224 1315 4291 cohaereant,

319 4331 486 4410 quibuscum
527 4332 664 4410 particula
703 4340 756 4415 γάρ
800 4331 1023 4410 coniunguntur,
1054 4332 1160 4392 Paulus
1191 4332 1315 4411 explicat

318 4441 391 4500 Rom
414 4441 429 4501 7
454 4467 460 4499 :
484 4444 589 4500 8-11.
