3025 5275
662 647 702 711 55

186 835 316 903 Paulum
347 860 424 918 non,
459 838 711 923 quemadmodum
743 841 776 905 in
807 841 988 908 Iudaeorum
1010 844 1172 909 eschatolo-

186 971 258 1057 gia,
285 972 462 1037 resurrectio
496 980 617 1038 tantum
652 974 783 1061 corporis
817 982 895 1055 erat,
930 976 1010 1041 sicut
1037 1000 1053 1042 e
1083 979 1174 1043 variis

185 1107 370 1193 intelligitur
417 1108 510 1188 locis,
563 1108 616 1173 ubi
658 1108 839 1174 vocabulum
885 1114 992 1197 νεκροί
1033 1112 1172 1178 occurrit.

184 1240 230 1305 Ut
259 1264 275 1305 e
309 1240 447 1327 pluribus
483 1243 580 1327 (Rom.
615 1242 693 1308 XIV
729 1270 735 1307 :
772 1246 810 1322 9,
845 1242 910 1308 Col.
946 1244 964 1309 I
1000 1230 1010 1309 :⁸
1044 1249 1083 1309 18
1119 1246 1170 1330 al.)

184 1395 281 1438 unum
314 1377 434 1439 tantum
467 1375 643 1440 afferamus:
679 1375 829 1460 quomodo
864 1379 881 1439 1
913 1375 980 1441 Cor.
1011 1377 1103 1443 XV:
1129 1379 1170 1443 35

183 1529 288 1592 rogare
321 1508 488 1593 potuisset:
524 1511 608 1593 ποίῳ
642 1513 766 1593 σώματι
799 1510 951 1597 ἔρχονται
983 1515 1015 1575 οἱ
1042 1514 1170 1597 neapol:

184 1640 211 1704 si
245 1639 424 1705 vocabulum
459 1645 566 1728 νεκροί
600 1642 680 1729 apud
715 1665 784 1707 eum
819 1663 945 1729 corporo
972 1643 1155 1729 significaret
1161 1674 1170 1726 ;

182 1777 250 1837 tum
292 1773 374 1837 enim
419 1772 564 1838 dixisset:
613 1794 672 1856 quo
716 1794 837 1859 corpore
871 1773 997 1837 veniunt
1029 1775 1171 1860 corpora?

182 1908 263 1993 quod
289 1907 462 1972 absurdum.
509 1905 568 1970 Sed
596 1928 693 1991 neque
724 1905 891 1972 doctrinam
919 1907 970 1971 hic
999 1907 1171 1972 invenimus
1208 1950 1210 1953 -

183 2044 221 2108 de
250 2042 345 2107 animi
374 2041 617 2120 immortalitate,
649 2039 720 2125 quia
743 2062 840 2124 neque
862 2041 976 2106 Paulus
998 2064 1096 2128 neque
1119 2041 1172 2107 alii

184 2175 342 2263 scriptores
377 2176 419 2240 N.
450 2175 485 2238 Τ.
520 2175 614 2239 vitam
649 2173 708 2238 sibi
741 2197 906 2261 proponere
939 2182 1077 2262 poterant
1106 2176 1171 2241 sine
1202 2269 1204 2274 ,

182 2334 312 2398 corpore.
360 2311 422 2392 Qui
446 2310 507 2375 iam
530 2309 642 2374 mortui
665 2315 753 2388 sunt,
782 2308 926 2399 dicuntur
941 2311 1169 2393 κοιμηθέντες,

183 2466 287 2509 somno
321 2443 433 2523 dediti,
469 2444 575 2528 quales¹
606 2442 772 2507 secundum
805 2441 932 2506 Iudaeos
962 2443 986 2507 ii
1011 2449 1096 2523 sunt,
1117 2444 1170 2527 qui

181 2578 215 2644 in
237 2574 322 2673 tiup'
345 2583 517 2657 versantur,
535 2575 703 2642 cuiusmodi
719 2581 815 2640 status
831 2576 894 2641 oica
910 2576 971 2643 dici
986 2600 1047 2644 non
1057 2578 1167 2667 potuit.

181 2713 226 2779 Hi
249 2735 309 2777 una
332 2736 401 2777 cum
422 2711 479 2792 iis,
503 2711 557 2797 qui
579 2718 712 2798 tempore
729 2710 845 2776 Christi
868 2716 1048 2798 παρουσίας
1071 2714 1169 2779 adhuc

181 2847 215 2911 in
237 2846 314 2912 vivis
336 2854 437 2927 erant,
460 2848 494 2911 in
517 2847 610 2910 vitam
633 2845 765 2910 redirent
789 2846 819 2930 (1
845 2844 913 2912 Cor.
937 2848 1024 2914 XV:
1047 2852 1106 2928 51,
1128 2853 1169 2914 52

181 2980 233 3048 cfr.
273 2983 290 3046 1
325 2981 428 3045 Thess,
463 2980 509 3045 IV
545 3009 552 3046 :
590 2983 629 3046 15
662 2983 751 3067 squ).
798 2979 946 3045 Videmus
969 2981 1065 3066 igitur
1087 2982 1169 3068 apud

181 3115 310 3180 Panum
333 3137 499 3179 sermonem
522 3136 583 3178 non
605 3136 669 3178 esse
691 3112 728 3177 de
749 3111 844 3176 animi
866 3135 1016 3199 acorpore
1032 3115 1168 3200 separati,

181 3249 240 3345 sed
265 3248 301 3312 de
335 3248 426 3313 totius
455 3246 587 3311 hominis
615 3246 849 3328 resurrectione3
886 3257 965 3312 lotus
998 3246 1087 3310 homo
1109 3245 1169 3333 ipsi

182 3378 339 3444 videbatur
362 3379 584 3443 immortalitati
608 3378 785 3443 destinatus.

225 3511 282 3576 Sed
311 3512 372 3576 iam
398 3511 555 3575 audiamus
577 3534 637 3595 qua
658 3511 774 3575 ratione
799 3510 965 3597 Apostolus
988 3532 1036 3575 eos
1060 3511 1169 3575 refuta-

179 3644 277 3723 verit,
316 3643 370 3728 qui
406 3643 663 3708 immortalitatem
702 3649 765 3707 tam
802 3643 933 3728 corporis
959 3665 1049 3726 quarn
1075 3628 1172 3708 animi*
1218 3736 1220 3739 Ι

181 3782 342 3862 negarent,
362 3799 422 3861 quo
436 3777 545 3842 melius
561 3777 803 3856 resurrectionis,
820 3777 848 3842 ei
864 3778 964 3842 animo
980 3777 1150 3845 obversatae
1159 3830 1168 3859 ,

180 3917 319 3976 naturam
353 3911 571 3997 intelligamus.
619 3911 688 3991 Quo
723 3917 857 3996 tempore
885 3909 998 3975 Paulus
1027 3911 1105 3976 hanc
1132 3913 1170 3977 ad

180 4043 353 4110 Corinthios
383 4045 541 4131 epistolam
568 4043 708 4129 scripsit,
738 4049 866 4127 quatuor
890 4044 952 4107 fere
974 4050 1059 4108 erant
1080 4046 1168 4124 anni,

180 4200 275 4263 quum
306 4179 340 4242 in
369 4201 471 4242 eorum
498 4175 573 4277 urbe
595 4175 762 4239 Ecclesiam
785 4175 966 4241 condiderat.
1011 4177 1087 4240 Tum
1111 4177 1170 4242 alia

181 4318 247 4375 tum
276 4289 349 4375 hoo¹
364 4312 398 4375 in
428 4310 535 4398 primis
565 4308 604 4373 iis
633 4307 814 4388 tradiderat,
843 4308 998 4373 Christum
1020 4309 1053 4374 in
1076 4309 1169 4374 vitam

181 4444 320 4527 rediisse,
351 4444 431 4536 quod
463 4442 651 4515 crediderant
684 4442 774 4508 etin
801 4463 860 4526 qua
868 4424 939 4509 sfide
961 4442 1058 4508 adhue
1081 4448 1168 4512 stete-
