<?xml version="1.0" encoding="UTF-8"?>
<!DOCTYPE html PUBLIC "-//W3C//DTD XHTML 1.0 Transitional//EN"
    "http://www.w3.org/TR/xhtml1/DTD/xhtml1-transitional.dtd">
<html xmlns="http://www.w3.org/1999/xhtml" xml:lang="en" lang="en">
 <head>
  <title>
</title>
<meta http-equiv="Content-Type" content="text/html;charset=utf-8" />
  <meta name='ocr-system' content='tesseract 3.04.00' />
  <meta name='ocr-capabilities' content='ocr_page ocr_carea ocr_par ocr_line ocrx_word'/>
</head>
<body>
  <div class='ocr_page' id='page_1' title='image "./disquisitiodepa00rovegoog_0078.png"; bbox 0 0 3025 5275; ppageno 0'>
   <div class='ocr_carea' id='block_1_1' title="bbox 805 668 847 730">
    <p class='ocr_par' dir='ltr' id='par_1_1' title="bbox 805 668 847 730">
     <span class='ocr_line' id='line_1_1' title="bbox 805 668 847 730; baseline 0.024 -1"><span class='ocrx_word' id='word_1_1' title='bbox 805 668 847 730; x_wconf 72' lang='lat'>64</span> 
     </span>
    </p>
   </div>
   <div class='ocr_carea' id='block_1_2' title="bbox 332 856 1320 1076">
    <p class='ocr_par' dir='ltr' id='par_1_2' title="bbox 332 856 1320 1076">
     <span class='ocr_line' id='line_1_2' title="bbox 333 856 1318 947; baseline -0.001 -24"><span class='ocrx_word' id='word_1_2' title='bbox 333 858 470 938; x_wconf 86' lang='lat' dir='ltr'>offertur,</span> <span class='ocrx_word' id='word_1_3' title='bbox 504 858 544 922; x_wconf 81' lang='lat' dir='ltr'>V.</span> <span class='ocrx_word' id='word_1_4' title='bbox 575 857 610 922; x_wconf 81' lang='grc' dir='ltr'>Τ.</span> <span class='ocrx_word' id='word_1_5' title='bbox 642 857 830 923; x_wconf 84' lang='lat' dir='ltr'>oeconomiae</span> <span class='ocrx_word' id='word_1_6' title='bbox 867 856 1029 944; x_wconf 88' lang='lat' dir='ltr'>opponitur</span> <span class='ocrx_word' id='word_1_7' title='bbox 1063 856 1162 947; x_wconf 81' lang='lat' dir='ltr'>(Rom.</span> <span class='ocrx_word' id='word_1_8' title='bbox 1196 856 1256 922; x_wconf 82' lang='lat' dir='ltr'>V:</span> <span class='ocrx_word' id='word_1_9' title='bbox 1283 861 1318 937; x_wconf 99' lang='grc'>2,</span> 
     </span>
     <span class='ocr_line' id='line_1_3' title="bbox 332 988 1320 1076; baseline -0.001 -22"><span class='ocrx_word' id='word_1_10' title='bbox 332 991 391 1055; x_wconf 85' lang='lat' dir='ltr'>Gal</span> <span class='ocrx_word' id='word_1_11' title='bbox 424 991 449 1053; x_wconf 79' lang='lat' dir='ltr'><strong>V</strong></span> <span class='ocrx_word' id='word_1_12' title='bbox 477 991 554 1075; x_wconf 76' lang='lat'>24).</span> <span class='ocrx_word' id='word_1_13' title='bbox 602 990 796 1075; x_wconf 77' lang='lat' dir='ltr'><strong>Quamquam</strong></span> <span class='ocrx_word' id='word_1_14' title='bbox 825 1011 860 1054; x_wconf 90' lang='lat' dir='ltr'>ea</span> <span class='ocrx_word' id='word_1_15' title='bbox 881 989 1001 1076; x_wconf 84' lang='lat' dir='ltr'>proprie</span> <span class='ocrx_word' id='word_1_16' title='bbox 1019 1012 1037 1053; x_wconf 94' lang='lat' dir='ltr'>a</span> <span class='ocrx_word' id='word_1_17' title='bbox 1056 988 1115 1054; x_wconf 87' lang='lat' dir='ltr'>Dei</span> <span class='ocrx_word' id='word_1_18' title='bbox 1138 1011 1236 1054; x_wconf 90' lang='lat' dir='ltr'>amore</span> <span class='ocrx_word' id='word_1_19' title='bbox 1257 1011 1320 1054; x_wconf 89' lang='lat' dir='ltr'>non</span> 
     </span>
    </p>
   </div>
   <div class='ocr_carea' id='block_1_3' title="bbox 327 1118 1319 2537">
    <p class='ocr_par' dir='ltr' id='par_1_3' title="bbox 331 1118 1319 1341">
     <span class='ocr_line' id='line_1_4' title="bbox 332 1118 1319 1199; baseline 0.001 -15"><span class='ocrx_word' id='word_1_20' title='bbox 332 1119 447 1199; x_wconf 77' lang='lat' dir='ltr'>differt,</span> <span class='ocrx_word' id='word_1_21' title='bbox 475 1119 624 1185; x_wconf 86' lang='lat' dir='ltr'>efficacius</span> <span class='ocrx_word' id='word_1_22' title='bbox 645 1127 748 1184; x_wconf 88' lang='lat' dir='ltr'>tamen</span> <span class='ocrx_word' id='word_1_23' title='bbox 770 1119 886 1184; x_wconf 91' lang='lat' dir='ltr'>indicat</span> <span class='ocrx_word' id='word_1_24' title='bbox 911 1118 1033 1184; x_wconf 90' lang='lat' dir='ltr'>nullum</span> <span class='ocrx_word' id='word_1_25' title='bbox 1060 1120 1192 1184; x_wconf 89' lang='lat' dir='ltr'>hominis</span> <span class='ocrx_word' id='word_1_26' title='bbox 1220 1142 1319 1185; x_wconf 88' lang='lat' dir='ltr'>eoram</span> 
     </span>
     <span class='ocr_line' id='line_1_5' title="bbox 331 1252 977 1341; baseline 0 -23"><span class='ocrx_word' id='word_1_27' title='bbox 331 1253 396 1318; x_wconf 89' lang='lat' dir='ltr'>Deo</span> <span class='ocrx_word' id='word_1_28' title='bbox 419 1275 483 1317; x_wconf 89' lang='lat' dir='ltr'>esse</span> <span class='ocrx_word' id='word_1_29' title='bbox 506 1254 666 1334; x_wconf 90' lang='lat' dir='ltr'>meritum,</span> <span class='ocrx_word' id='word_1_30' title='bbox 691 1276 751 1337; x_wconf 93' lang='lat' dir='ltr'>quo</span> <span class='ocrx_word' id='word_1_31' title='bbox 774 1252 920 1341; x_wconf 76' lang='lat' dir='ltr'>glorietur</span> <span class='ocrx_word' id='word_1_32' title='bbox 933 1252 977 1341; x_wconf 85' lang='lat'>1).</span> 
     </span>
    </p>

    <p class='ocr_par' dir='ltr' id='par_1_4' title="bbox 327 1384 1319 2537">
     <span class='ocr_line' id='line_1_6' title="bbox 375 1384 1319 1474; baseline -0.001 -24"><span class='ocrx_word' id='word_1_33' title='bbox 375 1386 468 1466; x_wconf 88' lang='lat' dir='ltr'>Deus,</span> <span class='ocrx_word' id='word_1_34' title='bbox 481 1387 594 1474; x_wconf 82' lang='lat' dir='ltr'>quippe</span> <span class='ocrx_word' id='word_1_35' title='bbox 604 1385 815 1465; x_wconf 86' lang='lat' dir='ltr'>immutabilis,</span> <span class='ocrx_word' id='word_1_36' title='bbox 828 1384 865 1449; x_wconf 89' lang='lat' dir='ltr'>ab</span> <span class='ocrx_word' id='word_1_37' title='bbox 878 1384 961 1449; x_wconf 89' lang='lat' dir='ltr'>omni</span> <span class='ocrx_word' id='word_1_38' title='bbox 973 1385 1148 1449; x_wconf 72' lang='lat' dir='ltr'>aeternitate</span> <span class='ocrx_word' id='word_1_39' title='bbox 1158 1384 1319 1450; x_wconf 90' lang='lat' dir='ltr'>hominum</span> 
     </span>
     <span class='ocr_line' id='line_1_7' title="bbox 329 1516 1318 1606; baseline 0 -24"><span class='ocrx_word' id='word_1_40' title='bbox 329 1518 457 1584; x_wconf 88' lang='lat' dir='ltr'>salutem</span> <span class='ocrx_word' id='word_1_41' title='bbox 469 1518 625 1606; x_wconf 89' lang='lat' dir='ltr'>spectavit.</span> <span class='ocrx_word' id='word_1_42' title='bbox 646 1518 703 1583; x_wconf 80' lang='lat' dir='ltr'>nst</span> <span class='ocrx_word' id='word_1_43' title='bbox 715 1518 869 1583; x_wconf 83' lang='lat' dir='ltr'>decretum</span> <span class='ocrx_word' id='word_1_44' title='bbox 881 1518 947 1583; x_wconf 88' lang='lat' dir='ltr'>eius</span> <span class='ocrx_word' id='word_1_45' title='bbox 958 1516 1150 1597; x_wconf 88' lang='lat' dir='ltr'>absolutum,</span> <span class='ocrx_word' id='word_1_46' title='bbox 1163 1523 1318 1604; x_wconf 74' lang='grc' dir='ltr'><strong><em>πρόθεσις</em></strong></span> 
     </span>
     <span class='ocr_line' id='line_1_8' title="bbox 332 1645 1317 1741; baseline -0.001 -25"><span class='ocrx_word' id='word_1_47' title='bbox 332 1651 430 1736; x_wconf 86' lang='lat' dir='ltr'>(Rom.</span> <span class='ocrx_word' id='word_1_48' title='bbox 451 1645 544 1724; x_wconf 80' lang='lat' dir='ltr'>Vm:</span> <span class='ocrx_word' id='word_1_49' title='bbox 563 1651 617 1741; x_wconf 88' lang='grc'>28)</span> <span class='ocrx_word' id='word_1_50' title='bbox 630 1659 701 1718; x_wconf 89' lang='lat' dir='ltr'>ante</span> <span class='ocrx_word' id='word_1_51' title='bbox 712 1651 863 1717; x_wconf 92' lang='lat' dir='ltr'>mundum</span> <span class='ocrx_word' id='word_1_52' title='bbox 874 1651 1048 1731; x_wconf 90' lang='lat' dir='ltr'>conditum,</span> <span class='ocrx_word' id='word_1_53' title='bbox 1061 1650 1098 1715; x_wconf 88' lang='lat' dir='ltr'>ab</span> <span class='ocrx_word' id='word_1_54' title='bbox 1109 1651 1231 1716; x_wconf 87' lang='lat' dir='ltr'>infinito</span> <span class='ocrx_word' id='word_1_55' title='bbox 1242 1657 1317 1715; x_wconf 91' lang='lat' dir='ltr'>tem·</span> 
     </span>
     <span class='ocr_line' id='line_1_9' title="bbox 328 1783 1316 1873; baseline -0.002 -24"><span class='ocrx_word' id='word_1_56' title='bbox 328 1807 399 1871; x_wconf 93' lang='lat' dir='ltr'>pore</span> <span class='ocrx_word' id='word_1_57' title='bbox 423 1783 474 1873; x_wconf 87' lang='grc'>2),</span> <span class='ocrx_word' id='word_1_58' title='bbox 517 1786 590 1851; x_wconf 81' lang='grc' dir='ltr'>κατ’</span> <span class='ocrx_word' id='word_1_59' title='bbox 631 1783 768 1869; x_wconf 77' lang='grc' dir='ltr'><strong><em>ἐκλογὴν</em></strong></span> <span class='ocrx_word' id='word_1_60' title='bbox 800 1790 975 1871; x_wconf 71' lang='grc' dir='ltr'><strong><em>πρόθεσις,</em></strong></span> <span class='ocrx_word' id='word_1_61' title='bbox 1013 1783 1112 1872; x_wconf 85' lang='lat' dir='ltr'>(Rom.</span> <span class='ocrx_word' id='word_1_62' title='bbox 1150 1783 1231 1848; x_wconf 92' lang='lat' dir='ltr'>IX:</span> <span class='ocrx_word' id='word_1_63' title='bbox 1261 1783 1316 1868; x_wconf 87' lang='lat'>11)</span> 
     </span>
     <span class='ocr_line' id='line_1_10' title="bbox 327 1915 1318 2004; baseline 0.001 -25"><span class='ocrx_word' id='word_1_64' title='bbox 327 1915 531 2002; x_wconf 89' lang='lat' dir='ltr'>propositum,</span> <span class='ocrx_word' id='word_1_65' title='bbox 556 1922 591 1979; x_wconf 93' lang='lat' dir='ltr'>ut</span> <span class='ocrx_word' id='word_1_66' title='bbox 612 1917 752 2002; x_wconf 81' lang='lat' dir='ltr'>Meyerus</span> <span class='ocrx_word' id='word_1_67' title='bbox 775 1916 923 2004; x_wconf 87' lang='lat' dir='ltr'>explieat,</span> <span class='ocrx_word' id='word_1_68' title='bbox 946 1916 990 1981; x_wconf 91' lang='lat' dir='ltr'>ita</span> <span class='ocrx_word' id='word_1_69' title='bbox 1009 1923 1132 2003; x_wconf 90' lang='lat' dir='ltr'>captum</span> <span class='ocrx_word' id='word_1_70' title='bbox 1154 1922 1191 1981; x_wconf 91' lang='lat' dir='ltr'>ut</span> <span class='ocrx_word' id='word_1_71' title='bbox 1211 1916 1318 1981; x_wconf 82' lang='lat' dir='ltr'>electio</span> 
     </span>
     <span class='ocr_line' id='line_1_11' title="bbox 329 2047 1317 2136; baseline 0 -24"><span class='ocrx_word' id='word_1_72' title='bbox 329 2054 501 2133; x_wconf 84' lang='lat' dir='ltr'>sequeretur</span> <span class='ocrx_word' id='word_1_73' title='bbox 514 2047 558 2136; x_wconf 86' lang='lat'>3).</span> <span class='ocrx_word' id='word_1_74' title='bbox 594 2048 682 2113; x_wconf 88' lang='lat' dir='ltr'>Hanc</span> <span class='ocrx_word' id='word_1_75' title='bbox 706 2049 883 2114; x_wconf 89' lang='lat' dir='ltr'>electionem</span> <span class='ocrx_word' id='word_1_76' title='bbox 905 2073 967 2114; x_wconf 94' lang='lat' dir='ltr'>non</span> <span class='ocrx_word' id='word_1_77' title='bbox 989 2050 1053 2114; x_wconf 87' lang='lat' dir='ltr'>fieri</span> <span class='ocrx_word' id='word_1_78' title='bbox 1076 2050 1192 2115; x_wconf 88' lang='lat' dir='ltr'>ratione</span> <span class='ocrx_word' id='word_1_79' title='bbox 1212 2048 1317 2114; x_wconf 85' lang='lat' dir='ltr'>habita</span> 
     </span>
     <span class='ocr_line' id='line_1_12' title="bbox 329 2183 1317 2264; baseline 0.001 -17"><span class='ocrx_word' id='word_1_80' title='bbox 329 2190 498 2248; x_wconf 87' lang='lat' dir='ltr'>nostrorum</span> <span class='ocrx_word' id='word_1_81' title='bbox 520 2184 713 2264; x_wconf 89' lang='lat' dir='ltr'>meritorum,</span> <span class='ocrx_word' id='word_1_82' title='bbox 737 2184 849 2249; x_wconf 87' lang='lat' dir='ltr'>diserte</span> <span class='ocrx_word' id='word_1_83' title='bbox 872 2184 960 2249; x_wconf 88' lang='lat' dir='ltr'>docet</span> <span class='ocrx_word' id='word_1_84' title='bbox 978 2190 1157 2249; x_wconf 79' lang='lat' dir='ltr'>contextus:</span> <span class='ocrx_word' id='word_1_85' title='bbox 1204 2183 1317 2248; x_wconf 89' lang='lat' dir='ltr'>etenim</span> 
     </span>
     <span class='ocr_line' id='line_1_13' title="bbox 328 2315 1315 2402; baseline -0.002 -20"><span class='ocrx_word' id='word_1_86' title='bbox 328 2323 489 2402; x_wconf 90' lang='lat' dir='ltr'>antequam</span> <span class='ocrx_word' id='word_1_87' title='bbox 507 2317 637 2383; x_wconf 87' lang='lat' dir='ltr'>Iacobus</span> <span class='ocrx_word' id='word_1_88' title='bbox 656 2325 686 2383; x_wconf 89' lang='lat' dir='ltr'>et</span> <span class='ocrx_word' id='word_1_89' title='bbox 705 2318 821 2382; x_wconf 83' lang='lat' dir='ltr'>Esavus</span> <span class='ocrx_word' id='word_1_90' title='bbox 840 2318 905 2382; x_wconf 88' lang='lat' dir='ltr'>nati</span> <span class='ocrx_word' id='word_1_91' title='bbox 925 2323 1025 2382; x_wconf 89' lang='lat' dir='ltr'>essent</span> <span class='ocrx_word' id='word_1_92' title='bbox 1044 2323 1075 2381; x_wconf 91' lang='lat' dir='ltr'>et</span> <span class='ocrx_word' id='word_1_93' title='bbox 1093 2315 1166 2381; x_wconf 93' lang='lat' dir='ltr'>boni</span> <span class='ocrx_word' id='word_1_94' title='bbox 1178 2321 1230 2381; x_wconf 91' lang='lat' dir='ltr'>aut</span> <span class='ocrx_word' id='word_1_95' title='bbox 1242 2315 1315 2380; x_wconf 88' lang='lat' dir='ltr'>mali</span> 
     </span>
     <span class='ocr_line' id='line_1_14' title="bbox 327 2449 1313 2537; baseline -0.001 -23"><span class='ocrx_word' id='word_1_96' title='bbox 327 2449 402 2535; x_wconf 89' lang='lat' dir='ltr'>quid</span> <span class='ocrx_word' id='word_1_97' title='bbox 421 2450 631 2537; x_wconf 75' lang='lat' dir='ltr'>perfecissent,</span> <span class='ocrx_word' id='word_1_98' title='bbox 661 2451 762 2516; x_wconf 88' lang='lat' dir='ltr'>locum</span> <span class='ocrx_word' id='word_1_99' title='bbox 784 2451 893 2516; x_wconf 89' lang='lat' dir='ltr'>habuit</span> <span class='ocrx_word' id='word_1_100' title='bbox 914 2453 972 2516; x_wconf 82' lang='grc' dir='ltr'>σόν</span> <span class='ocrx_word' id='word_1_101' title='bbox 996 2452 1030 2527; x_wconf 78' lang='grc' dir='ltr'>ἐξ</span> <span class='ocrx_word' id='word_1_102' title='bbox 1054 2453 1156 2536; x_wconf 70' lang='grc' dir='ltr'><strong><em>ἔργων</em></strong></span> <span class='ocrx_word' id='word_1_103' title='bbox 1180 2449 1253 2515; x_wconf 73' lang='grc' dir='ltr'>ἀλλ’</span> <span class='ocrx_word' id='word_1_104' title='bbox 1279 2454 1313 2514; x_wconf 78' lang='grc' dir='ltr'>ἐκ</span> 
     </span>
    </p>
   </div>
   <div class='ocr_carea' id='block_1_4' title="bbox 328 2581 1313 2671">
    <p class='ocr_par' dir='ltr' id='par_1_5' title="bbox 328 2581 1313 2671">
     <span class='ocr_line' id='line_1_15' title="bbox 328 2581 1313 2671; baseline 0.001 -24"><span class='ocrx_word' id='word_1_105' title='bbox 328 2590 384 2649; x_wconf 77' lang='grc' dir='ltr'>τοῦ</span> <span class='ocrx_word' id='word_1_106' title='bbox 409 2581 586 2660; x_wconf 71' lang='grc' dir='ltr'><strong><em>καλοῦντος</em></strong></span> <span class='ocrx_word' id='word_1_107' title='bbox 613 2584 667 2668; x_wconf 75' lang='lat' dir='ltr'><strong>(VS.</strong></span> <span class='ocrx_word' id='word_1_108' title='bbox 693 2584 760 2668; x_wconf 86' lang='grc'>11).</span> <span class='ocrx_word' id='word_1_109' title='bbox 807 2584 864 2649; x_wconf 78' lang='lat' dir='ltr'>Est</span> <span class='ocrx_word' id='word_1_110' title='bbox 886 2584 1001 2668; x_wconf 74' lang='grc' dir='ltr'><strong><em>ἐκλογὴ</em></strong></span> <span class='ocrx_word' id='word_1_111' title='bbox 1017 2590 1146 2671; x_wconf 80' lang='grc' dir='ltr'><strong><em>χάριτος</em></strong></span> <span class='ocrx_word' id='word_1_112' title='bbox 1161 2583 1221 2669; x_wconf 89' lang='grc' dir='ltr'>(ΧΙ</span> <span class='ocrx_word' id='word_1_113' title='bbox 1238 2610 1244 2648; x_wconf 93' lang='lat'><strong>:</strong></span> <span class='ocrx_word' id='word_1_114' title='bbox 1259 2585 1313 2669; x_wconf 85' lang='grc'>5),</span> 
     </span>
    </p>
   </div>
   <div class='ocr_carea' id='block_1_5' title="bbox 327 2696 1315 2805">
    <p class='ocr_par' dir='ltr' id='par_1_6' title="bbox 327 2696 1315 2805">
     <span class='ocr_line' id='line_1_16' title="bbox 327 2696 1315 2805; baseline 0.005 -25"><span class='ocrx_word' id='word_1_115' title='bbox 327 2716 384 2780; x_wconf 90' lang='lat' dir='ltr'>soli</span> <span class='ocrx_word' id='word_1_116' title='bbox 406 2715 465 2781; x_wconf 89' lang='lat' dir='ltr'>Dei</span> <span class='ocrx_word' id='word_1_117' title='bbox 487 2715 580 2780; x_wconf 78' lang='lat' dir='ltr'>favori</span> <span class='ocrx_word' id='word_1_118' title='bbox 602 2696 781 2782; x_wconf 59' lang='lat' dir='ltr'>tribuenda.⁸</span> <span class='ocrx_word' id='word_1_119' title='bbox 805 2719 873 2783; x_wconf 90' lang='lat' dir='ltr'>Hoc</span> <span class='ocrx_word' id='word_1_120' title='bbox 888 2717 1092 2805; x_wconf 89' lang='lat' dir='ltr'>propositum,</span> <span class='ocrx_word' id='word_1_121' title='bbox 1106 2739 1196 2802; x_wconf 89' lang='lat' dir='ltr'>quam</span> <span class='ocrx_word' id='word_1_122' title='bbox 1208 2717 1315 2785; x_wconf 87' lang='lat' dir='ltr'>electio</span> 
     </span>
    </p>
   </div>
   <div class='ocr_carea' id='block_1_6' title="bbox 326 2847 1314 3338">
    <p class='ocr_par' dir='ltr' id='par_1_7' title="bbox 326 2847 1314 3338">
     <span class='ocr_line' id='line_1_17' title="bbox 327 2847 1313 2939; baseline 0.006 -27"><span class='ocrx_word' id='word_1_123' title='bbox 327 2847 521 2933; x_wconf 87' lang='lat' dir='ltr'>sequebatur,</span> <span class='ocrx_word' id='word_1_124' title='bbox 568 2849 780 2935; x_wconf 84' lang='lat' dir='ltr'>complectitur</span> <span class='ocrx_word' id='word_1_125' title='bbox 825 2856 1009 2939; x_wconf 71' lang='grc' dir='ltr'><strong><em>πρόγνωσιν</em></strong></span> <span class='ocrx_word' id='word_1_126' title='bbox 1049 2858 1080 2916; x_wconf 91' lang='lat' dir='ltr'>et</span> <span class='ocrx_word' id='word_1_127' title='bbox 1117 2858 1313 2938; x_wconf 79' lang='grc' dir='ltr'><strong><em>προορισμόν</em></strong></span> 
     </span>
     <span class='ocr_line' id='line_1_18' title="bbox 326 2951 1310 3070; baseline 0.004 -24"><span class='ocrx_word' id='word_1_128' title='bbox 326 2980 365 3066; x_wconf 90' lang='lat' dir='ltr'>(V</span> <span class='ocrx_word' id='word_1_129' title='bbox 366 2981 420 3046; x_wconf 93' lang='grc' dir='ltr'>ΙΠ</span> <span class='ocrx_word' id='word_1_130' title='bbox 455 3007 462 3046; x_wconf 95' lang='lat'><strong>:</strong></span> <span class='ocrx_word' id='word_1_131' title='bbox 498 2980 564 3069; x_wconf 87' lang='grc'>29).</span> <span class='ocrx_word' id='word_1_132' title='bbox 620 2951 782 3068; x_wconf 80' lang='lat' dir='ltr'>Perperam</span> <span class='ocrx_word' id='word_1_133' title='bbox 815 2984 971 3048; x_wconf 88' lang='lat' dir='ltr'>nonnullis</span> <span class='ocrx_word' id='word_1_134' title='bbox 1010 2984 1088 3049; x_wconf 87' lang='lat' dir='ltr'>hano</span> <span class='ocrx_word' id='word_1_135' title='bbox 1126 2983 1310 3070; x_wconf 77' lang='grc' dir='ltr'><strong><em>πρόγνωσιν</em></strong></span> 
     </span>
     <span class='ocr_line' id='line_1_19' title="bbox 326 3114 1313 3205; baseline 0.002 -27"><span class='ocrx_word' id='word_1_136' title='bbox 326 3114 421 3179; x_wconf 87' lang='lat' dir='ltr'>videri</span> <span class='ocrx_word' id='word_1_137' title='bbox 462 3137 499 3179; x_wconf 85' lang='lat' dir='ltr'>ex</span> <span class='ocrx_word' id='word_1_138' title='bbox 532 3117 689 3181; x_wconf 86' lang='lat' dir='ltr'>voluntate</span> <span class='ocrx_word' id='word_1_139' title='bbox 721 3118 854 3183; x_wconf 89' lang='lat' dir='ltr'>humana</span> <span class='ocrx_word' id='word_1_140' title='bbox 885 3118 1085 3205; x_wconf 86' lang='lat' dir='ltr'>pendentem,</span> <span class='ocrx_word' id='word_1_141' title='bbox 1119 3117 1208 3182; x_wconf 89' lang='lat' dir='ltr'>docet</span> <span class='ocrx_word' id='word_1_142' title='bbox 1240 3116 1313 3181; x_wconf 90' lang='lat' dir='ltr'>alte-</span> 
     </span>
     <span class='ocr_line' id='line_1_20' title="bbox 326 3247 1314 3338; baseline 0.003 -26"><span class='ocrx_word' id='word_1_143' title='bbox 326 3247 389 3313; x_wconf 90' lang='lat' dir='ltr'>rius</span> <span class='ocrx_word' id='word_1_144' title='bbox 429 3248 568 3314; x_wconf 85' lang='lat' dir='ltr'>vocabuli</span> <span class='ocrx_word' id='word_1_145' title='bbox 602 3249 704 3331; x_wconf 88' lang='lat' dir='ltr'>notio,</span> <span class='ocrx_word' id='word_1_146' title='bbox 742 3273 819 3336; x_wconf 86' lang='lat' dir='ltr'>quae</span> <span class='ocrx_word' id='word_1_147' title='bbox 858 3251 968 3316; x_wconf 86' lang='lat' dir='ltr'>diserte</span> <span class='ocrx_word' id='word_1_148' title='bbox 1002 3250 1314 3338; x_wconf 77' lang='lat' dir='ltr'>praedestinationem</span> 
     </span>
    </p>
   </div>
   <div class='ocr_carea' id='block_1_7' title="bbox 325 3383 1314 3474">
    <p class='ocr_par' dir='ltr' id='par_1_8' title="bbox 325 3383 1314 3474">
     <span class='ocr_line' id='line_1_21' title="bbox 325 3383 1314 3474; baseline 0.003 -28"><span class='ocrx_word' id='word_1_149' title='bbox 325 3383 475 3469; x_wconf 83' lang='lat' dir='ltr'>significat</span> <span class='ocrx_word' id='word_1_150' title='bbox 489 3387 534 3470; x_wconf 83' lang='lat'>4).</span> <span class='ocrx_word' id='word_1_151' title='bbox 580 3385 647 3450; x_wconf 89' lang='lat' dir='ltr'>Iam</span> <span class='ocrx_word' id='word_1_152' title='bbox 669 3408 738 3450; x_wconf 91' lang='lat' dir='ltr'>vero</span> <span class='ocrx_word' id='word_1_153' title='bbox 761 3409 836 3472; x_wconf 87' lang='lat' dir='ltr'>quos</span> <span class='ocrx_word' id='word_1_154' title='bbox 857 3386 1014 3474; x_wconf 87' lang='lat' dir='ltr'>praenovit</span> <span class='ocrx_word' id='word_1_155' title='bbox 1034 3386 1134 3466; x_wconf 89' lang='lat' dir='ltr'>Deus,</span> <span class='ocrx_word' id='word_1_156' title='bbox 1150 3386 1206 3450; x_wconf 91' lang='lat' dir='ltr'>hos</span> <span class='ocrx_word' id='word_1_157' title='bbox 1222 3385 1314 3450; x_wconf 86' lang='lat' dir='ltr'>etiarn</span> 
     </span>
    </p>
   </div>
   <div class='ocr_carea' id='block_1_8' title="bbox 320 3697 1315 4531">
    <p class='ocr_par' dir='ltr' id='par_1_9' title="bbox 323 3697 1315 3886">
     <span class='ocr_line' id='line_1_22' title="bbox 366 3697 1315 3784; baseline 0.002 -26"><span class='ocrx_word' id='word_1_158' title='bbox 366 3702 396 3777; x_wconf 91' lang='lat' dir='ltr'>l)</span> <span class='ocrx_word' id='word_1_159' title='bbox 411 3697 524 3759; x_wconf 76' lang='lat' dir='ltr'>&#39;Notum</span> <span class='ocrx_word' id='word_1_160' title='bbox 545 3706 586 3759; x_wconf 87' lang='lat' dir='ltr'>est</span> <span class='ocrx_word' id='word_1_161' title='bbox 608 3700 774 3775; x_wconf 89' lang='lat' dir='ltr'>vocabulum</span> <span class='ocrx_word' id='word_1_162' title='bbox 794 3709 872 3784; x_wconf 77' lang='grc' dir='ltr'><strong><em>χάριν</em></strong></span> <span class='ocrx_word' id='word_1_163' title='bbox 886 3701 962 3779; x_wconf 84' lang='lat' dir='ltr'>apud</span> <span class='ocrx_word' id='word_1_164' title='bbox 978 3701 1097 3760; x_wconf 84' lang='lat' dir='ltr'>Paulum</span> <span class='ocrx_word' id='word_1_165' title='bbox 1107 3702 1203 3779; x_wconf 86' lang='lat' dir='ltr'>plures</span> <span class='ocrx_word' id='word_1_166' title='bbox 1214 3700 1315 3760; x_wconf 86' lang='lat' dir='ltr'>habere</span> 
     </span>
     <span class='ocr_line' id='line_1_23' title="bbox 323 3804 1158 3886; baseline 0.005 -24"><span class='ocrx_word' id='word_1_167' title='bbox 323 3804 550 3884; x_wconf 81' lang='lat' dir='ltr'>significationes.</span> <span class='ocrx_word' id='word_1_168' title='bbox 590 3806 645 3866; x_wconf 84' lang='lat' dir='ltr'>Osr.</span> <span class='ocrx_word' id='word_1_169' title='bbox 669 3805 704 3865; x_wconf 92' lang='lat' dir='ltr'>de</span> <span class='ocrx_word' id='word_1_170' title='bbox 724 3805 761 3864; x_wconf 88' lang='lat' dir='ltr'>iis</span> <span class='ocrx_word' id='word_1_171' title='bbox 782 3806 871 3865; x_wconf 85' lang='lat' dir='ltr'>Reuss</span> <span class='ocrx_word' id='word_1_172' title='bbox 893 3806 912 3866; x_wconf 91' lang='lat' dir='ltr'>l.</span> <span class='ocrx_word' id='word_1_173' title='bbox 934 3807 953 3867; x_wconf 91' lang='lat' dir='ltr'>l.</span> <span class='ocrx_word' id='word_1_174' title='bbox 974 3806 1003 3864; x_wconf 94' lang='grc' dir='ltr'>ΙΙ</span> <span class='ocrx_word' id='word_1_175' title='bbox 1024 3826 1088 3886; x_wconf 81' lang='lat' dir='ltr'>pag.</span> <span class='ocrx_word' id='word_1_176' title='bbox 1113 3811 1158 3866; x_wconf 84' lang='grc' dir='ltr'>όό.</span> 
     </span>
    </p>

    <p class='ocr_par' dir='ltr' id='par_1_10' title="bbox 365 3913 683 3993">
     <span class='ocr_line' id='line_1_24' title="bbox 365 3913 683 3993; baseline 0.006 -21"><span class='ocrx_word' id='word_1_177' title='bbox 365 3917 395 3990; x_wconf 88' lang='grc'>2)</span> <span class='ocrx_word' id='word_1_178' title='bbox 417 3913 472 3975; x_wconf 80' lang='lat' dir='ltr'>crr.</span> <span class='ocrx_word' id='word_1_179' title='bbox 494 3914 602 3993; x_wconf 68' lang='lat' dir='ltr'>*apul</span> <span class='ocrx_word' id='word_1_180' title='bbox 628 3941 635 3975; x_wconf 73' lang='grc' dir='ltr'><strong><em>ε</em></strong></span> <span class='ocrx_word' id='word_1_181' title='bbox 657 3919 683 3974; x_wconf 85' lang='grc'>4.</span> 
     </span>
    </p>

    <p class='ocr_par' dir='ltr' id='par_1_11' title="bbox 323 4022 1313 4209">
     <span class='ocr_line' id='line_1_25' title="bbox 365 4022 1313 4102; baseline 0.003 -22"><span class='ocrx_word' id='word_1_182' title='bbox 365 4025 398 4096; x_wconf 84' lang='grc'>3)</span> <span class='ocrx_word' id='word_1_183' title='bbox 420 4023 479 4095; x_wconf 86' lang='lat' dir='ltr'>„Le</span> <span class='ocrx_word' id='word_1_184' title='bbox 506 4022 601 4083; x_wconf 72' lang='lat' dir='ltr'>decret</span> <span class='ocrx_word' id='word_1_185' title='bbox 632 4023 731 4083; x_wconf 89' lang='lat' dir='ltr'>absolu</span> <span class='ocrx_word' id='word_1_186' title='bbox 757 4042 787 4081; x_wconf 88' lang='lat' dir='ltr'>se</span> <span class='ocrx_word' id='word_1_187' title='bbox 815 4022 960 4083; x_wconf 88' lang='lat' dir='ltr'>manifeste</span> <span class='ocrx_word' id='word_1_188' title='bbox 981 4043 1032 4102; x_wconf 88' lang='lat' dir='ltr'>par</span> <span class='ocrx_word' id='word_1_189' title='bbox 1052 4022 1190 4084; x_wconf 74' lang='lat' dir='ltr'>l&#39;dleotion</span> <span class='ocrx_word' id='word_1_190' title='bbox 1211 4024 1313 4084; x_wconf 86' lang='lat' dir='ltr'>indivi-</span> 
     </span>
     <span class='ocr_line' id='line_1_26' title="bbox 323 4129 826 4209; baseline 0.006 -21"><span class='ocrx_word' id='word_1_191' title='bbox 323 4129 443 4190; x_wconf 85' lang='lat' dir='ltr'>dnelle.&#39;‘</span> <span class='ocrx_word' id='word_1_192' title='bbox 471 4132 570 4191; x_wconf 83' lang='lat' dir='ltr'>Reuss.</span> <span class='ocrx_word' id='word_1_193' title='bbox 593 4132 610 4192; x_wconf 91' lang='lat' dir='ltr'>l.</span> <span class='ocrx_word' id='word_1_194' title='bbox 631 4132 650 4190; x_wconf 91' lang='lat' dir='ltr'>l.</span> <span class='ocrx_word' id='word_1_195' title='bbox 673 4151 736 4209; x_wconf 86' lang='lat' dir='ltr'>pag.</span> <span class='ocrx_word' id='word_1_196' title='bbox 760 4135 826 4193; x_wconf 83' lang='lat'><strong>109.</strong></span> 
     </span>
    </p>

    <p class='ocr_par' dir='ltr' id='par_1_12' title="bbox 320 4236 1314 4531">
     <span class='ocr_line' id='line_1_27' title="bbox 364 4236 1314 4319; baseline 0.005 -27"><span class='ocrx_word' id='word_1_197' title='bbox 364 4237 392 4316; x_wconf 81' lang='lat'>4)</span> <span class='ocrx_word' id='word_1_198' title='bbox 415 4238 476 4309; x_wconf 88' lang='lat' dir='ltr'>„De</span> <span class='ocrx_word' id='word_1_199' title='bbox 502 4245 647 4319; x_wconf 62' lang='grc' dir='ltr'><strong><em>πρόγνωσις</em></strong></span> <span class='ocrx_word' id='word_1_200' title='bbox 680 4237 706 4295; x_wconf 85' lang='lat' dir='ltr'>is</span> <span class='ocrx_word' id='word_1_201' title='bbox 734 4236 814 4296; x_wconf 88' lang='lat' dir='ltr'>Gods</span> <span class='ocrx_word' id='word_1_202' title='bbox 842 4236 964 4314; x_wconf 81' lang='lat' dir='ltr'>eeuwige</span> <span class='ocrx_word' id='word_1_203' title='bbox 989 4236 1171 4308; x_wconf 85' lang='lat' dir='ltr'>voorkennis,</span> <span class='ocrx_word' id='word_1_204' title='bbox 1200 4237 1314 4315; x_wconf 84' lang='lat' dir='ltr'>volgens</span> 
     </span>
     <span class='ocr_line' id='line_1_28' title="bbox 322 4343 1313 4425; baseline 0.006 -25"><span class='ocrx_word' id='word_1_205' title='bbox 322 4344 410 4403; x_wconf 81' lang='lat' dir='ltr'>welle</span> <span class='ocrx_word' id='word_1_206' title='bbox 438 4344 476 4420; x_wconf 90' lang='lat' dir='ltr'>hij</span> <span class='ocrx_word' id='word_1_207' title='bbox 504 4344 538 4403; x_wconf 89' lang='lat' dir='ltr'>de</span> <span class='ocrx_word' id='word_1_208' title='bbox 563 4343 805 4421; x_wconf 84' lang='lat' dir='ltr'>verweaenlijking</span> <span class='ocrx_word' id='word_1_209' title='bbox 834 4363 886 4404; x_wconf 85' lang='lat' dir='ltr'>van</span> <span class='ocrx_word' id='word_1_210' title='bbox 920 4346 968 4403; x_wconf 91' lang='lat' dir='ltr'>het</span> <span class='ocrx_word' id='word_1_211' title='bbox 996 4346 1115 4422; x_wconf 80' lang='lat' dir='ltr'>gelegde</span> <span class='ocrx_word' id='word_1_212' title='bbox 1142 4347 1313 4425; x_wconf 86' lang='lat' dir='ltr'>wereldplan</span> 
     </span>
     <span class='ocr_line' id='line_1_29' title="bbox 320 4452 1313 4531; baseline 0.004 -20"><span class='ocrx_word' id='word_1_213' title='bbox 320 4452 401 4512; x_wconf 86' lang='lat' dir='ltr'>reeds</span> <span class='ocrx_word' id='word_1_214' title='bbox 427 4452 456 4511; x_wconf 88' lang='lat' dir='ltr'>in</span> <span class='ocrx_word' id='word_1_215' title='bbox 485 4452 521 4511; x_wconf 89' lang='lat' dir='ltr'>de</span> <span class='ocrx_word' id='word_1_216' title='bbox 548 4452 613 4512; x_wconf 86' lang='lat' dir='ltr'>idee</span> <span class='ocrx_word' id='word_1_217' title='bbox 634 4473 686 4512; x_wconf 84' lang='lat' dir='ltr'>van</span> <span class='ocrx_word' id='word_1_218' title='bbox 707 4453 879 4531; x_wconf 82' lang='lat' dir='ltr'>eeuwigheid</span> <span class='ocrx_word' id='word_1_219' title='bbox 902 4455 1091 4514; x_wconf 84' lang='lat' dir='ltr'>aenschouwt.</span> <span class='ocrx_word' id='word_1_220' title='bbox 1133 4455 1209 4515; x_wconf 83' lang='lat' dir='ltr'>Eone</span> <span class='ocrx_word' id='word_1_221' title='bbox 1229 4456 1313 4515; x_wconf 87' lang='lat' dir='ltr'>armi·</span> 
     </span>
    </p>
   </div>
   <div class='ocr_carea' id='block_1_9' title="bbox 0 0 1518 5275">
    <p class='ocr_par' dir='ltr' id='par_1_13' title="bbox 0 0 1518 5275">
     <span class='ocr_line' id='line_1_30' title="bbox 0 0 1518 5275; baseline 0 3"><span class='ocrx_word' id='word_1_222' title='bbox 0 0 1518 5275; x_wconf 95' lang='lat' dir='ltr'> </span> 
     </span>
    </p>
   </div>
  </div>
 </body>
</html>
