3025 5275
798 672 837 742 76

324 865 394 934 fidei
424 866 509 934 sedes
539 889 601 934 uon
634 875 680 934 ost
710 866 886 952 iumento,
909 870 953 936 ita
974 871 1070 936 atad
1093 871 1221 938 salutem
1244 894 1312 938 con·

325 1001 506 1085 sequendam
524 1001 653 1068 sufficiat
675 991 843 1069 doctrinam
864 1004 1016 1089 quandam
1034 1005 1184 1092 profiteri,
1204 1006 1256 1071 sed
1277 1010 1311 1072 ἐν

326 1135 463 1220 καρδίᾳ,
500 1135 545 1200 ita
580 1143 616 1200 ut
649 1159 703 1202 nos
738 1159 860 1224 prorsus
893 1138 957 1203 Deo
991 1139 1174 1204 confidamus
1212 1138 1312 1227 (Rom.

324 1268 356 1336 X
388 1296 395 1333 :
427 1272 458 1354 9)
483 1270 528 1354 1).
575 1270 713 1353 Quorum
750 1270 871 1336 animus
902 1272 961 1336 hoc
994 1272 1145 1361 principio
1171 1272 1313 1358 religioso

324 1404 446 1491 penitus
476 1411 522 1469 est
546 1403 700 1483 imbutus,
732 1405 786 1490 qui
809 1406 843 1470 in
861 1406 918 1470 hac
939 1406 998 1472 fide
1020 1407 1146 1487 vivunt,
1170 1405 1315 1472 dicuutur

326 1541 358 1603 oa‘
388 1541 423 1603 ἐκ
450 1540 585 1615 πίστεως
612 1538 693 1626 (Gal.
717 1539 771 1602 ΙΙΙ
796 1566 803 1604 :
830 1541 862 1627 7)
871 1569 880 1621 3
905 1545 977 1605 sunt
998 1540 1031 1604 hi
1055 1540 1118 1605 veri
1139 1540 1197 1605 filii
1219 1540 1315 1606 Abra

326 1671 409 1736 hami
417 1722 426 1752 ,
446 1670 660 1737 beneficiorum
679 1671 708 1737 ei
720 1672 937 1758 promissorum
948 1680 1100 1759 compotes
1110 1673 1189 1737 fiunt
1202 1675 1257 1758 (vs.
1271 1674 1314 1757 9),

324 1805 480 1893 accipiunt
511 1807 567 1872 διὰ
590 1814 645 1887 τῆς
669 1808 805 1883 πίστεως
828 1814 888 1891 τὴν
915 1805 1116 1889 ἐπαγγελίαν
1140 1812 1197 1873 τοῦ
1222 1811 1317 1873 uvau-

325 1962 427 2020 ματος
453 1939 508 2021 (vs,
534 1936 602 2022 14).
690 1948 693 1955 '

370 2070 415 2134 Ut
445 2071 547 2137 omnia
569 2070 647 2136 bona
670 2077 795 2136 manunt
817 2092 835 2136 e
856 2070 968 2159 spiritu
993 2071 1049 2136 illo
1076 2075 1197 2150 sancto,
1226 2093 1318 2157 quem

326 2205 410 2271 Deus
440 2227 510 2269 oum
535 2204 715 2270 ‘hominibus
739 2205 961 2285 communicat,
986 2206 1030 2269 sic
1052 2204 1145 2270 etiam
1166 2212 1187 2288 ἡ
1210 2206 1318 2280 πίστις

326 2346 372 2405 est
394 2346 515 2426 κάρπος
538 2347 594 2405 τοῦ
617 2344 800 2423 πνεύματος
826 2339 906 2424 (Gal.
929 2339 1064 2425 Vzut).
1088 2340 1224 2426 Apparet
1244 2335 1315 2401 fidei

326 2472 441 2538 ratione
459 2472 563 2538 habita
584 2497 673 2540 omne
695 2474 838 2539 meritum
857 2496 874 2537 a
893 2480 978 2560 parte
995 2473 1157 2538 hominum
1176 2470 1297 2536 excludi
1307 2498 1316 2551 ;

327 2611 346 2673 ό
378 2612 537 2675 πιστεύων
579 2608 637 2674 Dei
666 2608 781 2694 gratiae
815 2606 926 2673 tribuit
960 2607 1077 2687 omnia,
1113 2629 1191 2692 quae
1224 2603 1315 2672 habet

331 2744 429 2829 (Rom.
454 2743 500 2806 IV
525 2770 532 2808 ε
558 2745 624 2829 16).
670 2743 831 2829 Propterea
852 2739 1159 2829 (1V214,IX:32)
1178 2763 1213 2805 ea
1228 2761 1317 2827 oppo-

328 2876 413 2941 nitur
451 2883 496 2960 τῷ
530 2882 634 2961 νόμῳ,
660 2885 691 2940 et
712 2879 730 2941 o‘
752 2882 848 2959 νόμος
872 2876 1007 2951 πίστεως
1031 2882 1076 2959 τῷ
1102 2879 1189 2958 νόμῳ
1214 2875 1317 2956 ἔργων

250 3027 253 3031 ’
331 3009 397 3095 (ΠΙ
420 3032 427 3073 :
451 3011 524 3094 27);
547 3008 734 3095 principium
749 3007 830 3073 illud
837 3058 847 3088 ,
864 3029 924 3092 quo
939 3006 1013 3072 fides
1027 3006 1182 3071 hominem
1196 3005 1319 3084 imbuit,

328 3165 450 3229 prorsus
471 3143 603 3208 alienum
629 3149 675 3206 est
696 3164 713 3206 a
735 3142 804 3226 lege
829 3141 909 3226 (Gal.
936 3141 990 3204 ΙΙΙ
1015 3167 1022 3204 :
1048 3137 1114 3227 la).

373 3277 487 3342 Paulus
517 3283 649 3343 extrema
677 3275 823 3363 epistolae
841 3275 879 3340 ad
900 3276 1050 3340 Romanos
1073 3278 1158 3361 parte
1180 3274 1318 3357 exoptat,

330 3419 365 3476 ut
387 3412 471 3478 Deus
491 3411 617 3476 lectores
640 3409 767 3496 impleat
789 3407 873 3472 omni
897 3418 983 3495 χαρᾷ
1008 3409 1063 3471 καὶ
1089 3409 1198 3494 einaim
1224 3409 1259 3469 ἐν
1277 3409 1322 3489 τῷ

327 3664 483 3675 --——

372 3839 399 3920 1)
421 3838 468 3898 Sic
485 3856 597 3917 quoque
618 3836 690 3900 Clau
712 3836 804 3895 Vinke
818 3836 848 3895 in
863 3834 1045 3895 Orationedc
1057 3833 1201 3910 oerestdei
1214 3833 1324 3890 αίινίείί·

329 3967 399 4007 αααα
418 3949 539 4018 notione,
559 3947 661 4005 austria
674 3946 843 4020 praesertim
864 3943 1043 4018 temporibus,
1063 3942 1193 3999 matoria
1211 3939 1327 3998 tercado

330 4061 356 4115 et
384 4057 413 4114 in
433 4055 549 4113 omnium
570 4054 667 4112 animia
688 4051 884 4126 imprimenda,
905 4050 955 4108 ubi
973 4049 1008 4108 de
1028 4048 1095 4108 fidei
1118 4048 1217 4108 indole
1238 4047 1326 4118 dicit,

330 4169 413 4240 negat
443 4182 504 4221 cam
537 4161 586 4232 „in
610 4180 666 4218 una
687 4159 789 4217 mentis
812 4157 994 4235 persuasione
1016 4155 1052 4214 de
1072 4156 1188 4213 veritate
1210 4173 1328 4223 eorum,

329 4292 400 4352 quae
421 4270 562 4331 crcdenda
585 4274 665 4339 suut,
683 4264 774 4327 cerui'
796 4267 871 4344 (pag.
894 4266 931 4345 ί).
973 4266 1046 4324 Tum
1069 4262 1196 4334 „Iidem
1216 4261 1327 4340 inquit,

329 4378 525 4438 contendimus
546 4375 703 4454 principem
724 4382 752 4433 et
774 4373 919 4450 propriam
940 4371 1007 4431 fidei
1032 4371 1209 4430 Christianae
1231 4369 1328 4428 sedem

331 4506 391 4552 esse
410 4487 441 4545 iu
461 4484 580 4547 auimo.'’
601 4492 677 4572 (pag.
700 4485 737 4564 9).
765 4482 822 4546 on.
844 4479 996 4565 inprimis
1018 4499 1083 4567 pag·
1107 4479 1214 4545 ⁷-1L
