3025 5275
663 691 802 778 oiv

233 880 402 944 Distinotio
436 880 650 945 nonnullorum
679 880 760 944 inter
786 841 865 965 legis
891 880 1041 945 Moseioae
1062 886 1199 969 partem<

189 1011 332 1075 moralem
354 1018 385 1076 et
406 1012 547 1077 ritualem
563 1011 644 1099 apud
655 1011 786 1077 Pontum
797 1035 858 1077 non
871 1013 1042 1079 invenitur:
1062 1036 1179 1101 semper

189 1145 216 1210 ei
240 1151 304 1209 tota
325 1144 376 1209 lex
397 1145 499 1211 animo
521 1144 711 1225 obversatur,
735 1167 917 1231 quemqnam
939 1152 1005 1212 tum
1024 1147 1097 1212 haee
1111 1153 1178 1211 turn

188 1277 243 1343 1110
263 1301 332 1365 pars
355 1278 488 1365 primum
509 1279 610 1343 locum
631 1284 725 1344 tenet.
749 1301 752 1306 ⁴

232 1412 299 1477 Iam
322 1411 398 1476 duee
424 1412 570 1499 Apostolo
593 1412 727 1498 primum
750 1410 905 1476 videamus
917 1412 955 1477 de
965 1412 1043 1498 legis
1053 1419 1161 1478 nature
1167 1464 1177 1494 ,

187 1550 254 1609 tum
287 1544 325 1609 de
359 1566 392 1609 00
425 1544 463 1609 ad
495 1545 650 1610 hominem
683 1545 799 1609 iustum
822 1544 1036 1610 declarandum
1058 1546 1177 1633 inepto,

188 1678 311 1744 tandem
334 1678 458 1743 deeius
483 1678 618 1743 oonsilio.

232 1833 261 1877 0.
309 1811 398 1893 Quod
420 1810 458 1877 ad
480 1812 558 1897 legis
576 1817 715 1875 naturam
731 1810 858 1891 attinet,
875 1814 893 1876 ὁ
910 1817 1005 1895 νόμος
1022 1818 1067 1876 est
1082 1815 1177 1893 ἅγιος

191 1944 288 2030 (Rom.
311 1945 377 2011 VII
398 1971 405 2009 ε
431 1948 484 2031 12)
494 1995 503 2024 ,
529 1942 626 2021 enine
650 1946 705 2029 (vs,
720 1946 774 2029 16)
784 1994 793 2024 ,
808 1944 899 2009 etiam
912 1952 1129 2028 πνευματικὸς
1146 1946 1176 2029 1)

191 2079 245 2163 (ve.
282 2081 354 2165 11),
389 2079 411 2144 i.
448 2102 474 2144 e.
509 2078 547 2143 od
577 2085 703 2162 πνεῦμα
728 2100 760 2142 00
784 2077 917 2164 dirigens
940 2083 971 2142 et
993 2077 1030 2143 ab
1054 2077 1177 2143 homine

189 2212 362 2299 postulone,
392 2218 429 2276 ut
455 2212 549 2276 vitam
572 2212 674 2296 exigat
696 2211 734 2276 ad
757 2233 893 2276 normam
916 2210 1086 2297 probitatis,
1133 2212 1179 2276 Ut

188 2344 252 2423 lex,
287 2343 330 2407 sio
359 2343 451 2408 etiam
484 2352 505 2427 η’
540 2343 673 2426 ἐντολή,
710 2344 767 2408 illa
793 2366 869 2428 qnae
890 2350 1071 2409 memoratur
1095 2367 1119 2409 0.
1148 2347 1177 2412 7.

191 2477 269 2554 neon
305 2476 555 2560 επιθυμήσεις,”
590 2483 635 2540 001
664 2477 746 2557 ἁγία
771 2477 827 2539 καί
851 2475 963 2541 rientem
988 2481 1042 2542 καὶ
1064 2477 1176 2560 ἀγαθή

190 2611 246 2695 (vs.
274 2611 346 2695 12),
377 2613 421 2687 εἷς
451 2610 533 2693 ζωήν
563 2610 617 2694 (ve.
651 2610 716 2695 10).
765 2605 909 2676 Continet
931 2617 990 2696 τὴν
1013 2616 1176 2696 μόρφωσιν

189 2751 245 2826 τῆς
268 2747 415 2826 γνώσεως
435 2747 489 2808 καὶ
510 2751 565 2825 τῆς
591 2740 751 2826 ἀληθείας
778 2744 824 2830 (Π
850 2771 856 2808 :
882 2746 955 2830 20),
978 2744 1108 2830 effigiem
1132 2765 1178 2808 00

183 2944 370 2957 *—

188 3070 384 3147 complectitur
421 3070 494 3130 Olar.
533 3056 689 3129 Hoekstre:
726 3069 859 3147 (Godgel.
897 3068 1049 3146 Bijdregen
1082 3071 1181 3140 1859,

187 3176 297 3255 Vpeg.
321 3179 400 3259 371).

251 3288 276 3346 1.
298 3285 334 3344 de
365 3285 597 3364 wetsbedeeling,
620 3287 655 3345 de
677 3286 920 3347 wetsoeoonomie
941 3286 1039 3345 011101
1060 3284 1182 3345 werten·

300 3392 434 3454 verbond.

250 3505 276 3562 2.
297 3521 349 3560 een
371 3500 590 3579 wetsbedeeling
611 3504 643 3561 01
660 3522 710 3562 000
733 3502 977 3562 werkenverbond.

251 3612 277 3669 3.
300 3609 336 3668 de
356 3614 410 3668 wet
432 3608 521 3668 Gods.

250 3718 277 3774 4.
299 3714 334 3773 de
355 3720 409 3773 wet
431 3713 510 3772 Gode
531 3715 573 3773 ele
594 3714 742 3791 bedeeling
764 3715 855 3775 01010
876 3712 1123 3774 werkenverbond.

252 3827 277 3884 5.
298 3824 334 3883 de
367 3826 421 3881 wet
455 3821 535 3880 Gode
566 3823 606 3882 010
639 3822 759 3899 zedeliik
790 3823 882 3883 ideeol
914 3823 974 3901 (het
1002 3842 1095 3883 wezen
1127 3841 1180 3881 vnn

301 3930 336 3989 de
358 3929 564 4009 zedelijkheid).

251 4044 277 4101 6.
299 4040 346 4099 het
376 4039 494 4115 zedelijk
527 4038 618 4098 ideeel
649 4040 690 4099 010
722 4044 776 4099 wet
804 4040 852 4116 (de
874 4059 953 4100 vorm
971 4059 1026 4100 ven
1044 4038 1080 4098 de
1100 4039 1179 4098 zede-

300 4146 459 4227 ejerare).x
717 4129 719 4132 ⁴

233 4255 259 4336 1)
280 4255 439 4315 Secundum
463 4253 593 4313 Grotium
613 4260 790 4336 πνενματακὸς
809 4254 947 4332 significet
970 4275 1005 4326 „a
1027 4257 1054 4314 S.
1075 4256 1102 4315 S.
1116 4273 1179 4332 pro·

189 4362 308 4434 fectus,”
328 4363 422 4423 iudice
447 4362 625 4422 'theodoreto
649 4364 695 4435 „S.
713 4363 740 4422 S.
763 4382 817 4441 ope
835 4361 980 4441 scriptus?
1007 4361 1180 4441 Magnopere

191 4470 325 4531 differunt
342 4471 510 4551 interpretes
533 4470 568 4530 de
590 4469 675 4531 huius
700 4470 831 4532 vocabuli
853 4471 976 4532 notione.
