3025 5275
697 681 714 747 7

208 870 352 959 logetices
382 871 525 937 historice
548 871 714 959 explorato,
742 895 882 960 apparere
904 835 970 938 eius
989 881 1201 960 argumentum

208 1005 269 1070 iam
291 1006 360 1071 aliis
382 1006 553 1093 disciplinis
576 1005 755 1091 theologicis
780 1006 928 1086 contineri
945 1009 988 1092 1).

252 1138 400 1203 Nostrum
429 1145 566 1208 nonest
592 1160 658 1218 eas,
683 1161 757 1223 quas
780 1138 888 1218 attuli,
914 1139 1078 1204 sententias
1101 1139 1201 1226 explo-

207 1293 272 1336 rare
302 1277 333 1335 et
359 1248 535 1335 diiudicare.
582 1269 715 1335 Paulum
737 1270 895 1357 religionis
917 1272 1097 1337 christianae
1119 1274 1199 1359 Apo

208 1404 339 1490 logetam
368 1425 533 1491 proponere
561 1402 773 1489 cupientibus,
804 1403 878 1468 haec
910 1427 1006 1490 pauca
1036 1405 1200 1471 sufficiunt.

208 1537 282 1601 Pars
307 1537 341 1601 in
367 1534 555 1600 defendendo
580 1535 680 1622 posita
707 1535 788 1621 apud
814 1558 884 1601 eum
909 1537 1042 1602 nondum
1067 1538 1201 1624 primum

207 1669 309 1743 locum
337 1674 442 1735 tenet:
481 1673 584 1755 postea
618 1667 742 1733 demum
772 1692 790 1733 a
820 1668 990 1749 Gentibus,
1022 1670 1143 1736 Iudaeis
1170 1678 1200 1736 et

207 1798 429 1865 Mohammedr‘s
455 1797 576 1863 asseclis
599 1820 649 1862 eae
671 1798 805 1885 prolatae
828 1806 901 1864 sunt
922 1801 1142 1882 accusationes,
1165 1803 1199 1867 in

208 1931 320 2020 quibus
342 1931 507 1997 refutandis
531 1930 716 1997 elaborarent
736 1931 932 2017 Apologetae.

251 2064 371 2130 Natura
407 2063 581 2150 religionis,
626 2064 773 2150 Apostolo
810 2069 904 2145 teste,
940 2066 1038 2151 posita
1076 2073 1122 2131 est
1164 2067 1199 2132 in

208 2199 399 2287 δικαιοσύνῃ
424 2201 519 2276 Θεοῦ,
543 2198 577 2261 in
598 2198 654 2262 tali
675 2198 812 2278 iustitia,
838 2198 937 2284 qualis
952 2200 1017 2265 Deo
1039 2201 1194 2287 probatur.

250 2334 339 2401 Hanc
384 2331 614 2418 δικαιοσύνην,
650 2355 727 2418 quae
754 2338 817 2397 erat
846 2336 1097 2420 μαρτυρουμένη
1132 2339 1196 2401 ὑπὸ

208 2474 264 2535 τοῦ
292 2472 393 2551 νόμον
421 2470 476 2531 καὶ
506 2469 571 2533 τῶν
597 2470 793 2552 προφητῶν,
821 2468 909 2532 Rom.
933 2468 987 2533 H]
1008 2495 1015 2533 :
1038 2471 1077 2532 21
1107 2468 1199 2533 etiam

205 2599 312 2667 Iudaei
343 2599 463 2685 assequi
494 2598 673 2680 studebant,
705 2623 834 2687 quorum
864 2600 972 2689 religio
1001 2624 1035 2666 eo
1056 2600 1199 2667 tendebat

207 2740 243 2797 ut
263 2733 401 2799 homines
425 2733 547 2799 δίκαιον
573 2740 672 2798 essent
696 2755 795 2798 coram
815 2733 896 2816 De0;
920 2735 1031 2821 pariter
1053 2736 1088 2800 in
1111 2736 1198 2801 cultu

208 2867 356 2933 Gentium
378 2868 436 2932 hoc
458 2873 521 2932 erat
544 2890 697 2932 summum
719 2872 755 2931 ut
777 2867 915 2932 homines
938 2890 1007 2932 cum
1030 2868 1099 2933 Diis
1117 2874 1200 2934 arcto

207 3000 330 3065 vinculo
364 3000 627 3085 coniungerentur.
674 2999 719 3063 Ut
751 2999 849 3085 igitur
882 3001 996 3065 Paulus
1030 3002 1200 3067 ostenderet

207 3106 310 3199 solam
334 3134 513 3219 religionem
547 3133 743 3198 christianam
778 3155 879 3198 veram
913 3155 976 3198 esse
1003 3134 1198 3221 religionem,

207 3266 340 3354 primum
370 3265 399 3330 ei
429 3272 492 3330 erat
510 3264 699 3352 probandum
722 3287 821 3350 neque
846 3290 865 3329 a
887 3265 1040 3335 Gentibus
1062 3290 1200 3352 nequeo

206 3399 328 3466 Iudaeis
360 3392 439 3465 hanc
474 3398 688 3483 deaurandum
722 3402 821 3479 Θεοῦ,
858 3422 935 3485 quae
968 3400 1031 3464 sola
1061 3407 1198 3465 aeternae

149 3612 151 3615 Ι
207 3533 288 3599 vitae
311 3538 357 3601 est
380 3532 531 3611 conditio,
555 3531 682 3616 acquiri.
730 3533 814 3597 Huic
829 3533 924 3618 partis
941 3533 1063 3598 criticae
1073 3534 1200 3598 sectioni

207 3666 332 3732 alteram
365 3664 512 3733 addemus
546 3664 759 3745 defensoriam,
797 3667 832 3730 in
866 3689 926 3752 qua
956 3688 1019 3732 non
1041 3667 1199 3732 audiemus

216 3841 375 3851 ..-..-—.-.-.

205 3929 329 4007 mdglioh
351 3929 392 3987 als
413 3928 479 3987 dasz
498 3928 561 4005 jene
582 3927 793 4005 Nachweisung
813 3927 863 3987 der
882 3928 1198 4007 innernNothwendig·

204 4037 263 4096 lreit
293 4057 328 4096 an
357 4035 452 4112 jedem
482 4036 593 4095 Punkte
613 4036 742 4113 augleich
771 4036 831 4094 sich
856 4036 897 4094 als
919 4036 1124 4114 Widerleguug
1145 4036 1195 4095 der

205 4145 331 4222 mtglich
352 4144 420 4203 oder
441 4143 569 4203 wirlrlich
590 4144 750 4203 erhebenen
770 4143 1079 4221 Entwrirfegestaltet.”
1101 4145 1200 4202 Recen-

204 4256 263 4314 οἱον
293 4272 344 4311 von
375 4272 425 4310 von
457 4253 548 4329 Dreya
579 4252 692 4328 Apolog.
716 4252 848 4311 Tholacka
869 4252 923 4311 titt.
946 4252 1081 4328 Anaeigea
1106 4254 1197 4318 1839,

205 4381 268 4440 pag.
291 4363 365 4429 491,
389 4363 456 4418 492.

247 4472 277 4547 1)
298 4467 355 4530 Cb.
377 4467 500 4530 Haenell
520 4465 539 4525 l.
559 4467 578 4529 1.
