3025 5275
687 669 726 737 71

212 870 339 948 πνεῦμα
361 864 400 929 iis
421 865 488 931 fons
510 872 556 931 est
578 866 658 932 vitae
681 890 749 933 vere
772 867 875 933 vitalis
900 867 933 957 (2
954 867 1021 933 Cor.
1037 869 1092 934 HI
1105 895 1112 950 ς
1126 871 1157 949 6,
1172 870 1201 949 7,

210 998 299 1063 nom.
322 999 389 1065 un
414 1027 420 1064 :
446 1003 491 1087 a).
623 970 625 972 ’

254 1132 322 1196 Iam
366 1132 454 1197 nobis
491 1134 685 1221 perspicuum
719 1142 782 1215 est,
819 1157 856 1201 ex
890 1134 980 1199 Pauli
1017 1135 1153 1201 doctrina
1186 1158 1204 1200 a

211 1262 271 1327 Dei
312 1265 408 1349 gratia
450 1265 578 1330 satutem
615 1272 749 1331 nostram
780 1290 844 1332 esse
877 1267 1081 1354 repetendam.
1140 1268 1203 1349 Qui

212 1396 308 1482 igitur
329 1421 347 1462 a
368 1398 434 1464 Deo
455 1399 489 1463 in
514 1398 675 1487 proborum
702 1399 797 1465 classe
819 1407 865 1465 est
888 1401 1071 1482 collocatus,
1085 1401 1204 1466 nullam

212 1530 302 1597 habet
346 1532 497 1619 gioriandi
541 1556 675 1598 caussam
682 1562 691 1616 ;
727 1534 793 1599 eius
829 1534 1022 1619 δικαιοσύνη
1047 1556 1122 1632 Ιιιοιι
1158 1540 1204 1600 est

214 1664 301 1744 ἰδία,
347 1666 476 1754 propriis
519 1665 635 1731 viribus
678 1671 865 1753 comparata,
913 1666 965 1732 sed
1010 1673 1056 1730 eat
1104 1672 1203 1748 Θεοῦ,

213 1798 326 1885 quippe
347 1797 385 1863 ab
407 1821 442 1863 ee
463 1800 604 1886 profecta.
641 1799 700 1863 Sed
722 1799 807 1863 Deus
830 1820 891 1863 non
914 1806 1036 1865 tantum
1055 1822 1203 1881 amorem,

212 1953 316 1996 verum
338 1932 430 1998 etiam
451 1932 601 1997 iustitiam
627 1954 711 1998 suam
737 1932 913 1998 hominibus
941 1933 1066 2021 probare
1089 1933 1203 2016 voluit3

211 2063 291 2129 inter
329 2070 492 2149 utrumque
528 2088 631 2152 pugna
665 2088 730 2130 esse
767 2066 884 2151 nequit.
931 2067 1075 2148 Quaestio
1109 2067 1205 2152 igitur

213 2220 296 2262 nune
329 2203 391 2278 est,
425 2199 575 2283 quomodo
608 2200 710 2279 Deus,
750 2200 832 2265 salva
866 2222 920 2264 sna
945 2199 1043 2287 ipsius
1068 2199 1204 2280 iustitia,

215 2329 272 2418 (εἷς
295 2336 331 2396 τό
355 2327 440 2397 εἶναι
465 2335 565 2399 αὐτον
591 2332 721 2400 δίκαιον
744 2335 832 2399 Ram.
855 2333 909 2398 ΙΠ
934 2360 941 2398 :
969 2335 1021 2418 26)
1052 2333 1205 2399 hominem

213 2465 329 2531 iustum
353 2465 492 2532 declaret.

674 2869 747 2952 aa.

255 3191 300 3255 Oe
322 3191 491 3256 conditione
515 3213 576 3278 qua
600 3191 684 3257 Deus
707 3190 862 3255 homiaem
884 3190 1001 3254 iustum
1023 3188 1169 3253 declarat.

260 3525 350 3591 Fides
384 3531 429 3590 est
464 3526 614 3605 eonditin,
653 3546 713 3609 qua
748 3524 840 3588 homo
875 3523 1088 3607 deaurandum
1126 3525 1206 3589 Θεοῦ

218 3659 421 3744 consequitur.
444 3659 490 3723 Ut
504 3668 605 3723 autern
620 3663 702 3722 reete
716 3656 938 3741 intelligamur,
955 3654 1104 3740 quomodo
1119 3655 1208 3719 homo

218 3795 352 3870 πίστεως
375 3814 432 3880 ope
450 3815 549 3857 coram
566 3791 632 3857 Deo
652 3792 752 3856 iustus
768 3790 873 3855 haberi
888 3790 1001 3878 possit,
1017 3788 1087 3853 fidei
1102 3794 1209 3852 natura

217 3925 305 3990 nobis
327 3926 385 3990 erit
400 3925 591 4012 exploranda.
623 3924 763 3989 Primum
778 3928 880 3988 autem
895 3921 1207 4001 animadvertendum,

218 4058 309 4124 etiam
333 4059 412 4123 hana
439 4061 550 4123 πίστιν
574 4058 633 4122 Dei
653 4057 767 4142 gratiae
782 4078 846 4121 esse
861 4055 1062 4120 tribuendam.
1086 4054 1209 4119 Etenim

218 4192 351 4257 vidimus
378 4191 478 4256 Deum
498 4192 653 4256 hominem
676 4190 789 4256 antefa
799 4170 817 4270 ,'
837 4189 887 4254 eui
908 4187 1053 4253 vocabulo
1067 4210 1128 4252 non
1144 4166 1208 4252 tan-

219 4331 284 4390 tum
307 4324 478 4406 invitandi,
502 4324 555 4389 sed
581 4325 673 4390 etiam
694 4323 733 4389 ad
748 4323 839 4388 fidem
854 4321 1039 4412 perducendi
1054 4320 1209 4388 notionem

218 4459 333 4540 inesse,
356 4458 559 4553 probavimus.
