3025 5275
685 687 727 751 89

211 881 333 948 divinae
354 882 542 970 oppositam:
578 882 657 968 σάρξ
689 881 724 947 in
756 881 880 947 homine
913 886 959 946 cst
989 878 1055 946 eius
1077 878 1202 946 materia

211 1015 368 1095 animalis,
413 1037 504 1100 quam
548 1037 619 1081 cum
663 1014 788 1080 caeteris
836 1013 1020 1080 animalibus
1068 1036 1201 1080 commu-

211 1172 282 1215 nem
320 1147 429 1230 habet,
470 1172 489 1215 a
528 1148 639 1234 quibus
680 1172 713 1215 se
735 1148 901 1235 distinguit
934 1153 1109 1233 aucupata.
1155 1148 1202 1213 De

211 1288 313 1348 mente
341 1282 437 1369 igitur
466 1282 555 1348 Pauli
584 1280 724 1348 Christus
754 1282 919 1349 acaeteris
943 1280 1119 1348 hominibus
1140 1303 1202 1348 non

209 1417 311 1483 differt
330 1416 412 1502 quod
427 1421 587 1503 πνεύματι
603 1423 649 1481 est
663 1415 849 1495 instructus,
865 1438 926 1501 quo
941 1419 1199 1493 omnesutuntur,

210 1550 280 1632 sed,
298 1556 382 1618 κατὰ
416 1557 543 1636 πνεῦμα
576 1554 779 1635 ἁγιωσύνης,
819 1549 891 1634 quia
924 1571 995 1635 prae
1028 1548 1097 1614 aliis
1118 1570 1201 1613 sanc-

210 1684 309 1749 titatis
353 1683 455 1749 studio
498 1683 680 1764 ducebatur,
726 1689 850 1768 totaque
883 1683 946 1748 vita
982 1681 1203 1748 sanctissimam

210 1819 269 1885 Dei
304 1818 470 1906 imaginem
502 1818 619 1884 retulit.
667 1818 858 1906 Quapropter
891 1838 1001 1881 nomen
1035 1814 1094 1881 Dei
1127 1815 1201 1895 filii,

210 1953 292 2039 quod
314 1953 348 2018 in
369 1953 408 2020 V.
430 1953 465 2018 Τ.
488 1951 646 2017 nonnullis
669 1950 729 2038 piis
751 1955 783 2016 et
799 1950 960 2037 praeclaris
976 1948 1050 2014 viris
1065 1947 1202 2030 dabatur,

209 2085 244 2151 in
267 2109 337 2151 eum
358 2085 644 2173 perexcellentium
668 2084 812 2171 quadrat,
836 2089 893 2152 τὸν
917 2085 1006 2153 ἰ’ὃισν
1033 2088 1114 2154 Θεοῦ
1130 2086 1203 2152 νὶόν

213 2221 311 2307 (Rom.
334 2220 418 2287 VIII
442 2248 449 2287 ε
476 2224 550 2306 32),
581 2221 760 2307 ὁρισθέντα
783 2223 856 2287 νὶὸν
883 2223 965 2288 Θεοῦ
990 2223 1024 2287 ἐν
1050 2219 1206 2303 δυνάμει,

211 2354 266 2439 qui
288 2353 447 2419 efficaciter
468 2353 527 2420 Dei
550 2353 633 2418 filius
656 2359 702 2418 est
726 2353 929 2433 constitutus,
953 2352 998 2418 ita
1020 2358 1056 2417 ut
1073 2351 1203 2417 homini·

210 2485 268 2551 bus
300 2485 423 2552 nullum
456 2485 588 2573 amplius
622 2485 752 2552 dubium
786 2486 937 2575 supersit,
969 2493 1000 2551 ct
1023 2485 1147 2571 quidem
1170 2487 1205 2564 ἐξ

211 2622 415 2698 ἀναστάσεως
451 2622 586 2706 νεκρῶν.
633 2620 747 2688 Utrum
781 2627 933 2693 vertamus
964 2631 1034 2709 port
1069 2644 1108 2686 an
1135 2642 1205 2686 vero

207 2777 265 2844 per
294 2754 541 2836 resurrectionem
574 2760 780 2835 mortuorum,
816 2778 878 2821 non
908 2777 1054 2842 magnum
1077 2761 1123 2819 est
1144 2753 1204 2819 dis·

210 2889 335 2955 crimen.
382 2890 437 2955 use
459 2889 533 2954 haec
556 2888 693 2955 doctrina
712 2889 908 2976 Apostolica,
924 2888 1082 2979 Christum
1097 2909 1113 2953 e
1127 2910 1205 2953 mor-

209 3023 273 3089 tuis
305 3046 370 3090 esse
403 3027 574 3088 revocatum
607 3030 765 3109 tamquam
789 3027 941 3113 ἀπαρχὴν
967 3030 1033 3089 τῶν
1058 3049 1205 3109 κεκοιμη-

209 3156 317 3242 μένων
343 3157 373 3241 (1
394 3153 462 3221 Cor.
485 3155 546 3221 XV
570 3182 578 3220 ε
604 3157 676 3240 20),
700 3178 718 3220 a
740 3177 801 3239 quo
822 3155 889 3241 ipso
912 3161 942 3220 et
965 3177 1057 3240 aquo
1071 3143 1205 3243 tempore

211 3296 393 3355 caeteromm
422 3289 456 3353 in
486 3288 581 3354 vitam
602 3288 719 3354 reditus
739 3289 907 3355 inchoaret.
953 3289 1086 3355 Minime
1107 3289 1205 3375 igitur

210 3445 376 3503 censemus,
410 3424 540 3488 Paulum
570 3430 672 3503 nostro
704 3424 772 3488 loco
796 3423 833 3488 de
862 3424 1068 3512 metaphysica
1089 3422 1205 3489 Christi

210 3557 328 3643 origiue
350 3556 515 3642 cogitasse,
540 3555 592 3621 ubi
615 3556 735 3639 dicitur
748 3556 849 3621 Filius
865 3555 923 3621 Dei
939 3579 1003 3621 esse
1018 3556 1204 3621 constitutus

212 3695 297 3757 κατὰ
320 3696 448 3776 πνεῦμα
471 3693 656 3776 ἁγιωσύνης
682 3691 725 3776 l).

255 3825 323 3888 Iam
358 3823 513 3910 quaeritur
536 3823 683 3910 quomodo
706 3823 791 3888 Deus
814 3845 867 3910 per
889 3820 1046 3888 Christum
1068 3822 1206 3887 homines

209 4039 391 4049 —a-

252 4163 282 4235 1)
311 4160 397 4219 Plura
435 4161 471 4219 de
509 4161 593 4220 huius
621 4160 676 4220 loci
705 4160 937 4236 interpretatione
969 4159 1131 4237 petentibus
1165 4180 1207 4220 sa·

209 4267 351 4327 tissaoiunt
372 4267 559 4327 Oltramarius
579 4272 607 4327 et
628 4266 785 4344 Heugelius
806 4266 842 4326 ad
864 4267 891 4327 h.
913 4267 933 4327 l.

250 4375 307 4436 cu.
339 4375 422 4436 etiam
458 4375 536 4435 Doct.
568 4375 753 4436 Griethuizen
774 4375 806 4433 in
826 4375 901 4453 disp.
922 4376 955 4434 dc
975 4376 1129 4435 notionibus
1147 4394 1204 4435 oce.

210 4496 304 4547 ΣΩΜΛ
324 4489 353 4544 et
373 4494 454 4547 ΣΑΡΞ
473 4485 503 4543 iu
522 4484 558 4545 N.
582 4483 611 4546 T.
630 4483 856 4560 interpretatione
876 4482 1084 4561 diatiupaeadir.
