3025 5275
674 711 714 786 85

246 912 393 979 Concedit
420 913 519 998 legem
549 935 614 977 esse
640 912 770 993 bonam,
795 913 859 977 eius
881 912 1049 1000 praeceptis
1072 911 1191 977 obedire

201 1047 304 1134 cupit,
339 1048 409 1128 sed,
443 1046 524 1132 quod
558 1045 659 1132 cupit,
683 1046 815 1127 ἀγαθόν
843 1067 905 1110 non
929 1044 1063 1130 perficit,
1087 1050 1191 1108 contra

203 1185 323 1258 κακον,
370 1178 450 1264 quod
489 1178 563 1243 odit.
621 1178 663 1244 Et
702 1199 884 1263 quamquam
922 1178 956 1242 in
992 1178 1049 1242 hac
1086 1199 1190 1263 pugna

164 1323 168 1328 '
201 1334 264 1376 non
298 1334 414 1397 semper
449 1310 507 1375 sibi
544 1317 677 1388 constat,
715 1333 810 1396 quum
845 1310 904 1375 alio
937 1316 1071 1395 tempore
1101 1332 1190 1372 suum

203 1447 264 1526 ἐγώ
296 1467 366 1509 cnm
396 1455 435 1529 τῇ
467 1435 562 1530 cupit
590 1441 765 1520 confundit,
801 1441 860 1506 alio
889 1463 958 1505 vero
982 1449 1021 1526 τῇ
1043 1442 1189 1523 ἁμαρτία

202 1577 344 1663 opponit,
381 1598 548 1660 numquam
576 1581 678 1639 tamen
705 1582 760 1656 τῆς
785 1578 900 1655 σαρκός
923 1572 1049 1658 imperio
1071 1594 1191 1658 prorsus

202 1710 339 1774 resistere
360 1715 476 1796 potest,
499 1713 680 1794 quapropter
701 1706 739 1771 ad
763 1706 1001 1792 desperationem
1023 1705 1190 1786 adductus,

203 1843 364 1907 exclamat:
389 1840 594 1928 ταλαίπωρος
615 1842 677 1923 ἐγὼ
690 1847 867 1925 ἄνθρωπος
875 1891 884 1919 ,
897 1841 946 1916 τίς
957 1866 995 1923 με
1008 1845 1136 1925 §oberat
1153 1845 1187 1905 ἐκ

203 1983 258 2041 τοῦ
282 1980 428 2059 σώματοςΙ
453 1980 508 2039 τοῦ
533 1984 685 2041 θανάτου
709 1980 827 2039 τούτου
853 1974 929 2059 (VII
954 2003 960 2039 :
987 1976 1040 2059 24)
1080 1976 1102 2059 ).

247 2109 355 2193 Itaque
377 2105 554 2191 rogantibus
577 2106 652 2190 quid
678 2106 726 2173 lex
748 2106 782 2170 in
804 2106 927 2170 homine
950 2107 1076 2185 efficiat,
1104 2108 1185 2192 Apo-

204 2239 298 2303 stolus
331 2238 510 2326 respondet:
551 2238 619 2323 lege
645 2237 816 2302 excitantur
838 2245 879 2304 τὰ
907 2248 1090 2323 παθήματα
1120 2243 1186 2304 τῶν

203 2376 389 2458 ἁμαρτιῶν,
413 2370 585 2435 affectiones
608 2392 684 2454 quae
707 2369 745 2433 ad
764 2376 886 2457 peccata
907 2371 1024 2435 ducunt
1037 2371 1112 2456 (VII
1126 2397 1132 2435 ε
1148 2372 1191 2456 5),

203 2511 322 2569 auctore
345 2513 384 2590 τῇ
408 2502 539 2588 ἐντολῇ,
563 2511 584 2585 ή
607 2506 751 2588 ἁμαρτία
776 2505 923 2590 ἀφορμὴν
948 2502 1045 2591 ἔλαβε
1072 2505 1126 2588 (vs,
1142 2506 1191 2589 8),

203 2640 351 2725 impetum
384 2637 516 2724 accepit,
551 2639 622 2722 qnia
655 2639 865 2724 opportunitas
895 2637 964 2703 data
998 2645 1060 2718 est,
1088 2637 1188 2702 aditus

203 2779 288 2861 patet
314 2780 345 2837 et
373 2772 417 2837 ita
447 2778 622 2857 peccatum,
646 2778 734 2836 antea
756 2777 928 2850 mortuum,
953 2768 1110 2855 ἐλθούσης
1135 2780 1189 2854 τῆς

204 2905 356 2990 ἐντολῆς,
387 2906 409 2970 i.
433 2928 457 2973 e.
486 2905 577 2970 huius
601 2904 758 2969 interdicti
781 2903 964 2969 conscientia
985 2904 1020 2968 in
1042 2927 1091 2969 me
1114 2903 1192 2968 exci-

202 3045 282 3119 tata,
312 3061 394 3102 nnnc
425 3039 601 3122 ἀνέζησεν,
636 3037 745 3131 revixit
768 3060 785 3101 e
808 3059 912 3124 sopore
932 3060 992 3122 quo
1014 3043 1102 3102 antea
1128 3060 1191 3102 ver·

205 3171 326 3237 sabatur
351 3174 405 3257 (vs.
431 3174 473 3257 9).
577 3137 578 3141 i

248 3306 290 3371 Et
310 3328 493 3390 quamquam
514 3305 564 3370 lex
585 3304 712 3369 minime
735 3312 781 3369 est
803 3308 947 3390 ἁμαρτία
969 3308 1023 3389 (vs.
1039 3306 1081 3389 7),
1094 3305 1193 3369 evadit

204 3446 305 3504 tamen
348 3439 484 3523 δύναμις
519 3446 573 3520 τῆς
611 3441 772 3523 ἁμαρτίας
809 3441 839 3524 (1
876 3438 942 3504 Cor.
978 3439 1039 3504 XV
1075 3468 1081 3504 ε
1119 3441 1191 3523 56),

206 3594 239 3636 ea
272 3578 430 3658 peccatum
457 3594 558 3635 revera
589 3571 652 3637 vim
690 3594 775 3635 suam
810 3572 935 3658 accepit.
982 3572 1032 3636 Sic
1054 3577 1072 3637 ό
1096 3577 1192 3656 νόμος

205 3708 303 3799 ορνὴν
329 3705 560 3789 κατεργάζεται
587 3706 684 3790 (Rom.
708 3704 756 3768 IV
782 3733 789 3769 :
815 3708 883 3790 15),
908 3705 985 3769 iram
1008 3704 1116 3783 efficit,
1141 3727 1194 3791 per

207 3838 316 3903 delicta
346 3860 454 3923 nempe
480 3844 675 3921 quorumest
699 3838 909 3918 caussa31ex,
937 3860 1013 3922 quae
1035 3837 1074 3901 ad
1099 3838 1194 3901 vitam

205 3973 313 4037 ducere
331 3969 474 4049 debebat,
496 3972 613 4056 εὑρέθη
638 3976 681 4046 εἷς
701 3977 851 4036 θάνατον
867 3970 905 4055 (V
907 3972 943 4035 Π
956 3998 963 4035 ε
978 3973 1031 4055 10)
1043 4021 1052 4049 ,
1065 3971 1193 4035 homini-

204 4105 261 4171 bus
269 4156 279 4186 ,
302 4105 366 4169 eius
384 4109 541 4191 praecepta
562 4125 622 4167 non
634 4101 862 4167 observantibus
870 4153 879 4182 ,
892 4103 970 4167 facta
981 4108 1027 4167 ast
1039 4103 1192 4170 διακονία

208 4289 388 4301 *-

246 4387 275 4459 1)
297 4381 382 4460 Quod
403 4381 532 4440 nonnulli
553 4381 742 4450 contendunt,
764 4382 817 4439 hoc
838 4385 981 4458 segmento
1004 4381 1076 4438 etin
1095 4380 1194 4457 primis

204 4509 243 4552 va.
267 4495 304 4550 22
326 4489 468 4549 hominem
491 4488 683 4548 Christianum
706 4488 838 4567 depingi,
859 4488 961 4547 falsum
982 4495 1031 4547 est.
