3025 5275
819 675 839 736 4

331 871 417 950 getae
446 887 558 929 munus
587 863 698 929 tribuit
727 872 764 929 ut
785 864 963 951 religionem
986 865 1181 932 christianam
1202 873 1324 931 tueatur

331 1020 348 1061 a
370 996 472 1062 dubiis
495 1003 525 1061 et
546 996 789 1062 accusationibus
811 999 845 1062 in
867 1021 932 1064 eam
954 1000 1088 1086 prolatis.

376 1130 560 1217 Nupcrrime
592 1130 627 1195 in
657 1130 785 1200 Francia
813 1130 903 1197 Doct.
927 1131 1042 1217 vigne
1054 1134 1085 1218 1)
1114 1154 1180 1196 eam
1203 1131 1322 1195 vocavit

331 1263 540 1351 disciplinam,
565 1286 625 1349 qua
646 1274 781 1329 constare
803 1271 939 1351 oporteat
958 1266 996 1330 de
1007 1266 1104 1331 salute
1116 1265 1319 1352 singulorum.

330 1397 468 1462 Postulat
501 1397 583 1462 euim
617 1397 654 1462 ab
687 1421 722 1462 ea
750 1406 786 1462 ut
814 1399 951 1484 inquirat
979 1399 1014 1463 in
1044 1405 1236 1486 peccatorum
1267 1420 1320 1462 no·

331 1533 462 1593 strorum
484 1527 663 1613 gravimem
686 1529 884 1615 dolorumque
906 1530 1117 1612 acerbitatem,
1140 1531 1214 1596 inde
1224 1537 1322 1595 ortam
1386 1579 1388 1586 .

331 1659 412 1745 quod
437 1660 504 1746 lege
527 1661 630 1727 divina
650 1662 733 1727 haud
756 1664 963 1745 continemur,
986 1670 1054 1728 tum
1076 1669 1222 1751 exponat,
1247 1685 1320 1749 quo

329 1793 418 1858 modo
448 1794 538 1860 unice
568 1795 601 1859 iu
632 1795 707 1860 Jesu
735 1796 857 1861 Christo
888 1795 1043 1861 doloribus
1072 1796 1136 1860 illis
1155 1801 1186 1861 et
1208 1795 1321 1860 crucia·

328 1924 412 1991 tibus
439 1932 469 1990 et
491 1926 579 1991 malis
603 1926 760 2007 solatium,
785 1926 899 1994 sedatio
923 1927 1100 2012 medelaque
1124 1927 1186 1992 sint
1206 1931 1320 2014 parata.

373 2060 423 2125 Sic
451 2060 548 2145 igitur
570 2060 607 2126 de
629 2082 755 2125 munere
778 2059 996 2146 Apologeticae
1018 2059 1118 2125 adhuc
1140 2058 1197 2124 sub
1220 2057 1322 2123 iudice

328 2192 368 2256 lis
397 2198 453 2258 est.
498 2192 575 2293 Non
594 2192 698 2257 minus
722 2215 791 2257 vero
813 2192 1000 2257 dissentiunt
1024 2193 1083 2257 viri
1102 2191 1184 2256 docti
1206 2191 1323 2256 ratione

327 2326 403 2405 loci,
428 2348 519 2411 quem
543 2325 571 2390 ei
590 2325 624 2390 in
647 2325 819 2412 disciplinis
841 2326 1023 2411 theologicis
1035 2325 1159 2390 concedi
1174 2332 1321 2412 oporteat.

267 2549 270 2556 Ι
326 2459 393 2525 Alii
400 2460 534 2546 primum
540 2458 642 2523 locum
654 2459 682 2524 ei
692 2458 834 2523 tribuunt
846 2459 879 2524 in
887 2458 1127 2546 Enoyclopaedia
1134 2456 1320 2544 theologica,

327 2593 362 2658 in
390 2592 438 2659 his
467 2592 775 2675 Schleiermacherus,
811 2593 898 2659 euius
930 2593 1083 2679 theologia
1105 2590 1319 2681 philosophica

328 2727 463 2792 eontinet
480 2726 711 2814 Apologeticam
729 2749 800 2792 cum
818 2726 971 2795 Polemica
990 2728 1194 2793 coniunctam.
1222 2726 1317 2793 Hunc

324 3059 372 3117 het
405 3057 598 3117 christendom
629 3056 721 3116 wordt
751 3055 928 3132 aangerand,
962 3054 1068 3114 zonder
1094 3054 1144 3113 dat
1175 3055 1223 3113 het
1250 3055 1321 3115 haar

324 3164 466 3223 verboden
496 3183 551 3222 nou
582 3161 638 3238 aiju
675 3161 730 3221 oolr
766 3182 804 3239 op
832 3161 878 3220 die
899 3161 1061 3231 betacaren,
1081 3159 1264 3236 twijfeliugen
1284 3179 1321 3219 eu

324 3272 568 3349 tegcnwerpingen
589 3277 617 3330 te
637 3271 741 3342 letten,
763 3271 826 3342 die,
847 3271 875 3329 al
897 3269 952 3345 ziju
973 3268 1007 3345 aij
1024 3268 1097 3345 juist
1116 3267 1175 3326 niet
1196 3267 1321 3327 teberde

324 3381 440 3458 gehragt
461 3381 531 3439 door
552 3379 608 3439 den
629 3377 740 3455 vijand,
763 3378 870 3438 wellen
893 3398 957 3437 meu
977 3376 1189 3453 bestrijdt,oolr
1205 3395 1322 3453 vroeger

324 3488 405 3547 reeds
436 3486 566 3565 gemacht
597 3486 652 3562 aijn
683 3487 715 3545 of
741 3487 804 3545 nich
834 3485 878 3544 uit
906 3485 962 3544 den
982 3489 1060 3562 geest
1081 3484 1130 3542 des
1151 3483 1221 3559 tijds
1244 3483 1323 3542 laten

324 3595 479 3656 vooraicn.''
517 3595 614 3654 Jacrb.
634 3615 699 3654 ocor
719 3600 777 3654 wet.
800 3595 940 3671 theotopie
963 3596 1056 3663 1850,
1084 3612 1147 3670 pag.
1173 3595 1189 3650 9
1213 3611 1257 3670 sq.

368 3706 396 3779 1)
424 3702 508 3775 „Ello
529 3708 571 3761 cst
591 3702 618 3761 la
637 3702 746 3762 acience
768 3702 804 3760 de
824 3702 852 3760 la
872 3698 970 3760 realltt
991 3701 1032 3759 du
1056 3701 1132 3759 salut
1153 3700 1321 3778 personuel,

324 3812 379 3871 elle
410 3811 471 3870 doit
503 3811 668 3870 rechercher
698 3812 726 3869 la
761 3810 799 3869 loi
821 3809 917 3868 divine
939 3809 974 3867 de
996 3814 1076 3867 notre
1098 3808 1172 3878 ttre,
1195 3813 1321 3866 montrer

324 3919 453 3979 combien
485 3938 556 3978 nous
589 3937 711 3977 sommes
743 3937 778 3976 en
809 3917 913 3976 dehors
934 3915 969 3975 de
991 3920 1063 3975 cette
1087 3916 1142 3984 loi,
1168 3915 1272 3975 aooder
1293 3914 1322 3973 la

324 4027 496 4107 prolondeur
517 4027 552 4086 de
574 4032 654 4086 notre
674 4023 764 4105 peche
787 4034 814 4084 et
835 4025 871 4083 de
889 4025 1150 4094 notresouffrance,
1162 4029 1322 4102 etexposer

324 4140 465 4196 comment
496 4154 531 4194 eu
561 4134 586 4194 J.
619 4134 649 4194 0.
685 4135 747 4193 seul
775 4139 868 4193 toutea
888 4151 934 4191 ces
955 4133 1089 4192 douleurs
1110 4137 1240 4192 trouvent
1259 4132 1322 4191 leur

324 4243 511 4312 consolation,
534 4262 579 4302 ces
600 4242 743 4319 angoisaes
765 4242 827 4301 leur
850 4239 1037 4320 apaiaemcnt‚
1058 4259 1103 4299 ces
1126 4236 1241 4299 misires
1259 4239 1321 4298 leur

324 4349 475 4428 gutrison,
509 4370 554 4411 cca
588 4350 809 4411 contradictions
844 4349 905 4408 leur
929 4347 1099 4408 harmonie.''
1133 4348 1260 4407 Histoire
1287 4347 1320 4406 de

323 4457 526 4541 t'apolopttiqae
550 4458 583 4519 de
606 4458 737 4518 l'tiatotre
759 4454 890 4522 reforma
910 4474 943 4515 eu
956 4456 1079 4527 Francc,
1102 4473 1166 4534 pag.
1188 4457 1237 4514 la.
