3025 5275
781 664 819 729 70

303 859 391 924 malis
426 858 611 943 affligamur,
641 858 727 923 nulla
753 858 792 923 de
818 880 853 923 eo
880 857 1041 924 dubitandi
1067 858 1143 923 ratio
1165 859 1296 946 supersit

305 993 404 1084 (Rom.
438 994 468 1057 V
504 1020 511 1059 ε
545 992 591 1079 5).
639 993 724 1076 Quae
746 998 834 1058 antea
857 998 943 1058 erant
966 991 1108 1073 obscura,
1131 991 1193 1057 iam
1217 993 1297 1058 clara

304 1135 335 1194 et
357 1125 515 1215 perspicua
536 1126 625 1190 fiunt.

348 1263 417 1327 Hoe
446 1260 550 1324 divino
584 1258 695 1346 spiritu
714 1258 844 1338 imbuti,
869 1258 963 1322 vitam
986 1257 1105 1343 agimus
1129 1259 1296 1324 seeundum

303 1396 368 1463 eius
389 1396 540 1485 principia
563 1395 662 1481 (Rom.
686 1394 792 1460 VIII:
809 1392 863 1483 4),
886 1394 1044 1460 studemus
1059 1395 1099 1459 iis
1107 1445 1116 1475 ‚
1132 1417 1210 1479 quae
1225 1401 1297 1459 sunt

304 1537 359 1598 τοῦ
394 1536 578 1616 πνεύματος
615 1530 671 1619 (vs.
702 1527 754 1617 5),
793 1552 830 1593 ex
852 1549 911 1613 quo
935 1528 1036 1594 studio
1059 1528 1217 1594 efflorescit
1238 1553 1297 1617 pax

305 1666 385 1730 inter
417 1665 516 1731 Deum
551 1670 582 1729 et
613 1663 787 1742 hominem,
822 1684 899 1747 quae
932 1684 1017 1726 verae
1052 1662 1132 1726 vitae
1162 1668 1208 1727 est
1230 1664 1296 1727 fons

308 1798 364 1887 (vs.
401 1800 445 1884 6).
493 1799 651 1883 Quotquot
684 1797 743 1862 Dei
778 1796 890 1883 spiritu
923 1803 1073 1882 aguntur,
1095 1820 1205 1863 novam
1227 1820 1298 1862 cum

305 1930 370 1996 Deo
391 1930 500 1995 ineunt
521 1929 710 2010 societatem3
734 1950 796 1993 non
819 1927 951 2015 amplius
975 1933 1047 1992 sunt
1070 1927 1198 2009 δοῦλοι,
1223 1951 1297 2013 quos

306 2072 390 2130 tenet
423 2064 548 2152 spiritus
583 2063 717 2142 timoris,
754 2062 807 2127 sed
842 2062 900 2127 Dei
935 2069 1006 2127 sunt
1040 2062 1116 2143 filii,
1156 2063 1299 2150 spiritum

305 2205 502 2286 acceperunt,
547 2198 646 2283 qualis
680 2203 726 2261 est
759 2197 891 2261 filiorum
934 2195 1159 2283 adoptatorum,
1198 2197 1298 2262 Deum

192 2325 193 2330 ¹
305 2333 418 2398 adeunt
439 2333 560 2423 Patrem
584 2333 683 2418 (Rom.
708 2331 792 2397 VIII
818 2359 825 2397 ι
851 2335 909 2412 14,
936 2334 996 2410 15,
1016 2331 1085 2397 Gal.
1105 2332 1152 2397 IV
1166 2359 1173 2397 z
1188 2334 1225 2411 5,
1246 2335 1297 2418 6);

306 2471 338 2529 et
365 2465 436 2549 quia
467 2470 539 2529 sunt
567 2464 642 2544 filii,
674 2462 766 2528 etiam
795 2462 919 2528 heredes
943 2468 1014 2527 suut
1035 2463 1110 2542 Dei,
1133 2462 1297 2543 bonorum,

305 2620 381 2684 quae
411 2597 472 2664 iam
501 2596 640 2663 Christus
670 2596 821 2685 possedit,
852 2597 1015 2683 aliquando
1049 2602 1200 2685 compotes
1225 2598 1299 2662 fient

307 2733 406 2819 (Rom.
429 2733 512 2798 VIII
537 2760 543 2797 ε
569 2734 629 2812 17,
653 2732 722 2797 Gal.
746 2731 794 2798 IV
821 2759 827 2796 ε
856 2731 957 2820 7)1).
1004 2731 1068 2796 Ubi
1089 2731 1140 2797 hic
1167 2731 1299 2818 Spiritus

306 2872 368 2946 est,
387 2866 524 2931 homiues
546 2888 616 2931 vera
636 2864 777 2930 libertate
804 2860 948 2929 fruuntbr
973 2865 1005 2950 (2
1030 2864 1098 2930 Oor.
1122 2866 1176 2932 III
1200 2892 1207 2930 ε
1231 2866 1298 2951 17).

305 3000 380 3066 Non
419 3000 551 3088 amplius
583 3006 722 3065 externae
754 2998 818 3085 legi
854 3005 927 3064 suut
961 2999 1114 3080 obstricti,
1144 3006 1299 3083 tamquam

306 3140 487 3220 γράμματι,
523 3133 609 3198 cuius
642 3133 811 3220 praeceptis
846 3131 972 3217 obsequi
1007 3155 1068 3198 non
1103 3138 1242 3219 poterant
1269 3137 1300 3196 et

305 3291 382 3353 quae
410 3274 566 3356 propterea
596 3268 636 3332 iis
666 3267 772 3332 mortis
808 3274 872 3333 erat
895 3291 1018 3333 caussa:
1050 3291 1127 3333 novo
1149 3268 1300 3356 principio

306 3403 408 3484 ducti,
449 3401 545 3466 libere
587 3401 625 3466 ad
670 3401 729 3466 Dei
768 3401 956 3465 voluntatem
987 3397 1031 3465 se'
1048 3400 1204 3486 dirigunt,
1242 3400 1300 3464 hoc

347 3711 375 3784 1)
395 3708 516 3767 Paulum
546 3728 602 3768 non
628 3707 769 3779 Hebraei,
796 3706 1038 3786 quemadmodum
1059 3705 1213 3784 Philippus
1236 3726 1301 3765 eon-

304 3815 411 3886 tendit,
443 3816 493 3874 sed
522 3814 643 3875 Romani
667 3815 737 3874 iuris
763 3815 900 3874 rationem
921 3814 1073 3886 habuisse,
1093 3815 1191 3893 plures
1212 3814 1300 3874 anim-

304 3922 484 3983 adverterunt
513 3923 688 4002 interpretes.
731 3923 844 3982 Etenim
877 3922 907 3981 hi
935 3922 1007 3981 filias
1035 3942 1092 3980 noa
1113 3921 1301 3981 excludebant

303 4051 320 4090 a
361 4031 547 4109 patrimonio,
589 4037 637 4095 ut„
652 4032 694 4090 illi
706 4057 714 4102 ;
754 4031 831 4109 apud
864 4030 1006 4089 Romanos
1039 4030 1121 4088 liberi
1155 4029 1303 4109 utriusque

304 4158 388 4198 sexus
429 4145 508 4199 erant
546 4140 685 4210 heredes,
728 4138 805 4216 apud
852 4138 998 4197 Hebraeos
1051 4137 1126 4196 filiae
1159 4142 1300 4215 exceptae.

304 4247 424 4305 Paulum
444 4247 488 4306 ius
506 4248 665 4306 Romanum
687 4251 846 4324 spectasse,
869 4251 985 4323 apparet
1007 4244 1302 4322 etiamepaedagogis

305 4353 368 4413 Gal.
390 4358 407 4412 3
430 4381 437 4413 ι
459 4358 515 4426 25,
550 4354 599 4434 qui
623 4355 760 4414 Hebraeis
783 4358 911 4432 prorsus'
924 4359 1003 4414 erant
1025 4354 1135 4435 ignoti,
1159 4359 1191 4415 ut
1212 4353 1301 4415 anim-

304 4461 425 4531 advertit
445 4462 601 4540 Hengelins
622 4463 658 4523 ad
681 4463 709 4531 b.
731 4463 751 4529 l,
